1504 2501
714 166 775 210 86

160 291 219 337 lis
260 291 425 339 debita
470 293 702 342 solvatur.
775 296 1091 362 Cautumque
1133 309 1251 360 esto,
1291 320 1354 352 ne

162 372 379 436 pupillus
403 374 646 437 quispiam
672 378 755 437 qui
786 377 970 439 aliquid
995 381 1045 426 in
1071 386 1353 431 sustentati·

161 467 308 499 onem
343 469 483 500 suam
510 470 539 500 a
564 454 788 518 Collegio
823 460 1012 522 recipit,
1049 462 1349 525 stipendium

159 548 302 579 suum
330 550 359 580 a
383 534 621 584 Bursario
646 539 866 602 recipiat,
894 541 967 587 vel
993 543 1236 589 rationem
1264 560 1352 607 per

159 629 210 660 se
236 629 349 661 cum
376 631 434 663 eo
460 616 610 673 ineat,
649 619 734 665 sed
769 626 1032 683 utrumque
1069 639 1158 686 per
1192 624 1349 672 Tuto-

158 709 266 741 rem
312 698 568 760 proprium
618 706 704 746 aut
751 698 855 762 ejus
904 702 1212 766 deputatum,
1260 705 1350 752 sub

157 775 302 838 poena
327 779 635 826 commeatus
673 783 910 827 menstrui
945 798 974 828 a
999 782 1129 830 dicto
1157 783 1348 831 Tutore

157 856 381 919 Collegio
406 859 642 916 solvendi,
670 862 777 908 fieri
804 862 1062 909 Volumus
1136 863 1283 918 Quod
1308 865 1348 911 si

156 935 318 984 Tutor
353 939 611 1002 quispiam,
651 946 737 986 aut
772 941 969 1004 pupillis
1006 942 1067 988 ad
1092 944 1343 1006 pietatem,

155 1024 204 1064 et
228 1018 381 1065 bonas
406 1026 535 1066 artes
571 1020 790 1081 quotidie
827 1021 1123 1078 erudiendis,
1158 1029 1243 1069 aut
1268 1039 1346 1070 eo-

154 1114 265 1145 rum
302 1098 548 1146 dissolutis
597 1100 816 1147 moribus
863 1101 1206 1158 reformandis,
1244 1119 1345 1150 non

154 1178 446 1237 attenderit3
465 1180 502 1225 si
521 1179 746 1242 pupillos,
767 1180 843 1227 vel
860 1180 1029 1228 urbem
1052 1181 1344 1230 Dublinien-

153 1272 257 1304 sem
276 1257 608 1319 frequentare,
630 1260 707 1306 vel
728 1261 778 1306 in
798 1260 1036 1308 sodalitiis
1056 1268 1142 1308 aut
1161 1265 1344 1310 exerei-

152 1337 233 1382 tiis
258 1338 463 1384 minime
499 1340 804 1394 necessariis,
840 1346 1037 1404 tempus
1061 1342 1234 1390 studiis
1261 1360 1343 1408 ap-

151 1420 257 1461 tum
302 1422 352 1462 et
397 1416 696 1464 destinatum
745 1434 1036 1467 consumere
1091 1422 1339 1484 patiatur3

152 1494 470 1553 Ordinamus,
510 1506 565 1544 ut
588 1500 627 1544 si
654 1505 763 1561 post
786 1499 925 1546 binas
960 1500 1338 1560 admonitiones,

150 1574 390 1637 majorem
417 1578 468 1624 in
488 1594 540 1625 re
560 1580 790 1642 pupillari
817 1596 986 1627 curam
1011 1598 1112 1629 non
1139 1584 1341 1632 adhibu-

150 1656 259 1711 erit,
289 1672 317 1702 a
354 1657 627 1721 Praeposito
664 1660 880 1721 quinque
919 1660 1101 1708 Solidis
1137 1663 1342 1711 mulete-

149 1743 243 1783 tur.
317 1736 467 1793 Quod
500 1741 539 1785 si
577 1740 901 1789 nihilominus
945 1758 996 1790 se
1043 1744 1094 1790 in
1140 1745 1340 1808 pupillis

149 1818 432 1866 erudiendis
501 1828 551 1868 et
602 1822 934 1870 reformandis
1011 1822 1339 1886 negligentius

148 1900 366 1957 gesserit,
425 1901 599 1964 pupilli
648 1901 896 1965 Praepositi
939 1903 1239 1950 authoritate
1277 1903 1339 1950 ad

149 1977 349 2025 alterius
376 1980 578 2028 Tutoris
603 1998 772 2029 euram
799 1983 1172 2030 transferantur.
1243 1983 1340 2029 Pu-

148 2056 252 2119 pilli
281 2073 467 2116 omnes,
505 2077 798 2124 quoeunque
839 2070 1077 2110 vocentur
1115 2063 1333 2118 nomine,

149 2137 409 2196 Volumus,
455 2149 509 2189 ut
557 2143 730 2191 iisdem
777 2143 982 2206 legibus,
1015 2160 1074 2192 ac
1110 2143 1330 2198 Statutis,
