1458 2455
647 120 705 172 71

84 252 310 311 suscepto
335 246 622 308 Magisterio
647 248 698 293 in
724 247 819 294 hoc
844 246 1068 310 Collegio
1108 247 1268 311 proxi„

82 327 175 374 mis
187 325 414 374 Comitiis
430 326 723 390 completuri
733 332 862 383 sunt,
875 328 908 373 ii
919 325 1001 389 huj
1009 343 1065 374 us
1083 327 1268 375 statuti

81 406 320 454 beneficio
335 406 576 462 fruantur,
596 413 682 454 aut
695 407 827 454 ultra
844 409 1115 455 terminum
1131 409 1267 471 prius

81 486 352 543 definitum,
386 485 468 548 jus
510 487 774 534 Societatis
799 489 1062 536 retineant.
1132 487 1268 535 Reli-

79 582 200 628 quos
230 582 402 613 omnes
443 573 546 613 tam
588 565 760 613 Socios
797 582 946 628 quam
989 566 1265 620 Scholares‚

77 652 188 710 post
211 647 478 710 praestitum
504 647 639 694 hisce
670 646 879 694 Statutis
917 648 1096 694 nostris
1124 636 1267 708 'jura-

76 732 318 779 mentum,
369 742 429 773 ex
480 726 681 790 speciali
729 726 903 788 gratio,
950 725 1178 773 omnibus
1214 729 1265 774 in

77 805 251 853 iisdem
307 806 676 870 comprehensis
728 806 995 870 privilegiis
1050 807 1266 868 gaudere

79 886 336 933 Volumus.
375 886 523 942 Quod
541 888 581 933 si
607 888 714 949 quis
739 903 800 934 ex
822 887 914 942 his,
942 888 1043 934 sive
1070 886 1262 943 Socius,

75 967 175 1014 sive
224 966 473 1014 Scholaris
510 966 673 1020 fuerit,
709 965 1046 1029 juramentum
1087 967 1265 1015 Ordini

75 1063 164 1094 suo
188 1048 528 1111 praescriptum
546 1054 773 1111 praestare
791 1047 1108 1103 recusaverit,
1133 1046 1263 1094 illico

74 1127 300 1190 Collegio
331 1134 632 1174 amoveatur.
708 1127 763 1175 Si
794 1143 941 1190 quem
982 1128 1133 1175 etiam
1175 1127 1263 1176 So-

73 1207 280 1262 ciorum,
321 1213 408 1253 aut
451 1206 765 1254 Scholarium
802 1222 1010 1254 uxorem
1049 1206 1259 1263 duxisse,

71 1278 152 1332 vei⁴
173 1300 285 1332 cum
311 1285 472 1347 alique
495 1285 696 1333 foeminei
730 1286 1107 1333 matrimonium
1148 1301 1263 1334 con-

71 1367 276 1413 traxisse
329 1374 640 1430 compertum
687 1367 765 1423 sit,
820 1382 935 1414 eum
997 1365 1261 1413 Societatis

72 1447 208 1494 omni
225 1445 340 1508 jure
362 1447 546 1510 privari
571 1446 815 1493 Volumus
837 1466 850 1505 3
878 1446 950 1493 sic
975 1451 1031 1493 ut
1060 1446 1113 1492 in
1154 1445 1261 1492 aliis

71 1526 263 1574 casibus
287 1527 451 1574 evenit
475 1528 526 1573 in
568 1526 777 1575 Statutis
815 1527 949 1574 hisce
989 1527 1171 1573 nostris
1189 1527 1261 1573 in-

69 1606 219 1653 ferius
242 1606 572 1653 nominandis.
647 1606 923 1654 Statuimus
943 1605 1171 1667 denique,
1206 1611 1263 1651 ut

71 1684 276 1747 quilibet
333 1685 593 1732 Sociorum
632 1686 876 1749 (exceptis
914 1683 1009 1731 illis
1051 1683 1257 1738 duobus,

71 1767 155 1829 qui
172 1766 204 1812 J
207 1767 598 1830 urisprudentiae,
627 1774 676 1815 et
699 1767 963 1815 Medicinae
980 1764 1126 1828 juxta
1153 1764 1260 1812 Sta-

70 1854 180 1894 tuta
234 1852 402 1894 nostra
437 1848 643 1894 nomina
681 1845 949 1906 dederunt)
992 1844 1121 1892 infra
1159 1852 1259 1893 tres

72 1941 229 1973 annos
253 1942 282 1972 a
305 1933 532 1990 suscepto
553 1927 827 1989 Magister-ii
850 1926 1020 1989 gradu,
1049 1926 1259 1974 Sacrum

73 2005 447 2067 Presbyteratus
474 2006 715 2055 Ordinem
750 2009 804 2055 in
827 2023 878 2055 se
897 2008 1148 2072 suscipiat,
1168 2008 1258 2055 sub

72 2088 217 2152 poen&
236 2090 498 2137 amotionis
515 2096 762 2155 perpetuae
778 2106 807 2137 a
824 2096 994 2138 nostro
1019 2089 1257 2152 Collegio.
