1458 2455
685 157 747 207 59

122 296 149 317 ‘⁶
181 305 275 343 me,
305 303 465 350 neque
491 289 541 334 in
566 288 702 342 meiS,
731 302 890 348 neque
907 285 1078 333 alienis
1094 284 1303 346 negotiis

121 377 150 396 “
175 369 387 433 amplius
437 368 627 415 duobus
677 368 729 413 in
787 382 919 414 anno
976 364 1225 412 mensibus
1273 379 1300 408 a

119 456 148 476 “
176 449 396 511 Collegio
423 448 726 503 abfuturum,
744 447 839 493 nisi
857 446 931 494 vel
959 446 1183 507 Collegii,
1223 444 1300 490 vel

117 535 146 556 ‘⁶
171 530 310 591 regni
352 529 565 591 negotia,
615 527 691 574 vel
731 528 867 589 regia
907 526 1179 572 authoritas
1222 540 1300 570 me

120 617 149 637 “
176 610 271 657 alio
297 610 589 665 avocaverit,
618 614 702 655 aut
727 609 813 664 vis,
840 606 1054 661 morbus,
1084 605 1300 665 contagi-

118 694 145 718 “
171 706 273 746 um,
301 697 386 737 aut
421 690 519 736 alia
560 689 800 752 quaepiam
841 702 990 734 causa
1020 685 1299 732 necessaria

118 775 150 796 ‘⁶
175 770 411 825 evenerit,
453 769 513 816 ab
557 768 947 831 Archiepiscopo
979 765 1296 813 Dubliiiiensi

121 856 147 877 ‘⁶
171 851 220 896 in
242 849 460 896 absenti&
486 848 785 896 Cancellarii
812 846 1146 911 approbanda.
1200 845 1300 891 De-

121 935 150 955 “
176 928 290 976 inde
337 929 486 984 JURO,
528 930 568 975 si
602 928 712 975 loco
750 934 912 974 motus
942 926 1097 981 fuero,
1138 932 1224 972 aut
1262 926 1300 971 si

123 1015 151 1036 “
176 1014 351 1073 sponte
371 1024 577 1063 cessero,
604 1022 684 1054 me
710 1007 878 1053 omnia
903 1005 1113 1067 Collegii
1151 1004 1295 1059 bona,

122 1093 153 1113 “
179 1102 281 1148 quae
300 1087 352 1133 in
377 1086 488 1133 mea
512 1091 755 1150 potestate
793 1092 922 1140 sunt,
963 1084 1184 1140 Praesidi,
1224 1085 1299 1130 vel

121 1171 151 1192 ‘⁶
178 1165 522 1213 Thesaurariis
566 1163 773 1226 Collegii
813 1170 900 1210 aut
939 1165 1120 1219 statim,
1162 1165 1201 1209 si
1253 1163 1302 1209 id

118 1245 275 1292 “fieri
330 1252 505 1308 potest,
555 1250 640 1290 aut
679 1244 810 1289 intra
852 1242 1134 1304 quindecim
1181 1244 1300 1302 dies,

121 1331 151 1351 ‘⁶
176 1327 281 1372 sine
306 1324 640 1372 controversia
663 1324 739 1371 vel
770 1325 1118 1372 imminutione
1142 1326 1299 1372 reddi-

122 1413 150 1432 ‘⁶
177 1413 358 1453 turum.
430 1406 690 1453 Postremo
705 1406 737 1453 J
745 1421 863 1464 usto,
892 1407 931 1452 si
949 1421 1154 1453 munere
1171 1405 1301 1453 Prae-

121 1492 151 1512 “
176 1487 322 1549 positi
356 1484 485 1548 jure,
521 1492 570 1533 et
592 1486 811 1549 legitime
849 1485 1099 1533 abdicatus
1140 1486 1297 1542 fuero,

121 1573 151 1594 “
176 1582 256 1614 me
279 1566 465 1613 nullam
492 1566 632 1614 litem
671 1567 980 1614 actionemve
1007 1568 1066 1614 iis
1098 1569 1180 1629 qui
1220 1584 1299 1616 mc

121 1651 152 1671 “
177 1645 396 1707 legitime
421 1645 727 1701 abdicarunt,
750 1648 805 1693 ea
824 1645 883 1693 dc
908 1646 1056 1693 causa
1079 1662 1298 1708 unquam

122 1724 229 1771 “in
273 1732 524 1789 posterum
561 1726 936 1772 intentaturum.
1009 1725 1131 1772 Item
1170 1726 1300 1787 quod

123 1814 152 1834 “
178 1823 279 1854 non
324 1806 614 1871 impetrabo,
655 1822 748 1854 nec
788 1806 1062 1870 procurabo
1095 1807 1293 1864 directe,

123 1894 152 1914 “
178 1888 253 1934 vel
302 1887 556 1943 indirecte,
613 1886 1029 1950 dispensationem
1084 1887 1298 1949 aliquam

123 1974 151 1993 “
178 1973 353 2014 contra
400 1965 687 2028 juramenta
749 1982 861 2014 mea
916 1967 1163 2030 praedicta,
1213 1977 1298 2016 aut

121 2054 152 2073 “
178 2053 350 2094 contra
375 2047 723 2102 ordinationeS,
753 2053 837 2094 aut
856 2045 1051 2095 Statuta
1070 2048 1294 2112 collegii,

122 2133 151 2153 ‘⁶
179 2127 253 2174 vel
306 2128 524 2190 ipsorum
579 2127 791 2189 aliquod.
865 2127 981 2175 Haec
1023 2131 1204 2186 omnia,
1239 2139 1296 2194 et

121 2214 149 2235 ‘⁶
173 2208 366 2269 singula
389 2207 670 2262 observabo,
696 2210 765 2255 ita
789 2224 868 2256 me
894 2209 1030 2257 Deus
1063 2211 1291 2272 adjuvet3

124 2293 154 2312 ‘³‘
179 2288 321 2333 tactis
364 2287 694 2336 Sacrosanctis
733 2288 918 2337 Christi
960 2291 1293 2353 Evangeliisf'
