1458 2455
669 139 724 189 17

108 269 429 334 perdilectict
443 268 598 316 fidelis
619 271 882 317 consiliarii
904 273 1056 319 nostri
1077 272 1283 320 Arthuri

106 353 309 400 Domini
357 352 648 400 Chichcstcr
694 353 754 400 de
800 354 1002 412 Bclfast,
1043 356 1282 421 Dcputati

105 434 258 479 nostri
283 432 399 479 dicti
423 433 561 495 regni
580 434 734 479 nostri
752 432 1015 490 Hibernia&
1036 452 1094 483 ac
1112 452 1283 484 sccun-

105 513 220 560 dum
258 515 583 561 intentionem
621 520 670 560 ct
706 515 934 562 effectum
972 517 1281 577 quarundam

103 594 354 641 literarum
386 600 666 641 nostrarum
700 611 854 642 manu
885 596 1054 643 nostr&
1087 598 1284 660 propri&

102 674 421 735 signatarum,
456 681 505 722 ct
532 675 621 722 sub
645 676 836 738 signeto
861 683 1029 724 nostro
1055 676 1281 723 datarum

102 754 476 817 apudhonorcm
488 762 710 802 nostrum
723 757 782 804 dc
800 756 931 803 Ham
939 764 1059 821 pton
1075 757 1278 812 Courte,

100 835 330 882 vicesimo
356 842 491 883 sexto
517 836 595 883 die
625 836 943 900 Septembris,
979 853 1109 884 anno
1142 837 1280 898 regni

100 917 253 961 nostri
269 915 470 977 Angliae,
488 916 720 973 Franciae,
741 924 790 964 et
807 918 1055 965 Hiberniae
1072 918 1278 971 decim0‚

100 1000 150 1040 et
184 993 357 1040 Scotiae
392 995 764 1057 quadragesimo
800 1003 952 1052 sexto,
992 1004 1040 1044 ct
1070 997 1279 1043 nuncin

98 1073 270 1120 rotulis
295 1074 595 1121 cancellaria}
620 1082 798 1122 nostrae
823 1075 938 1123 dicti
961 1077 1098 1138 regni
1123 1077 1279 1123 nostri

99 1154 347 1201 Hiberniae
380 1156 748 1203 irrotulatarum
769 1177 780 1215 3
821 1157 1065 1203 voluimus
1090 1163 1139 1203 ct
1163 1172 1279 1203 con-

97 1236 343 1290 cessimus,
380 1251 437 1282 ac
469 1251 556 1299 per
587 1242 848 1299 praescntcs
878 1252 967 1299 pro
1000 1236 1158 1291 nobiS,
1194 1236 1278 1282 hc-

95 1313 304 1370 redibus‚
342 1320 390 1361 ct
422 1315 779 1362 successoribus
816 1316 1010 1372 nostris,
1049 1316 1276 1362 volumus

95 1401 143 1440 et
176 1394 488 1442 concedimus
521 1396 735 1459 praefatis
768 1396 1059 1461 Praeposito,
1100 1397 1274 1453 Sociis,

95 1483 143 1524 et
157 1477 472 1524 Scholaribus
483 1478 599 1525 dicti
617 1479 840 1541 Collegii,
861 1486 909 1526 ct
918 1479 1277 1527 successoribus

93 1558 206 1613 suis,
233 1573 428 1604 necnon
463 1558 749 1605 ordinamus
787 1566 836 1607 et
873 1559 1147 1608 stabilimus
1189 1576 1278 1624 per

92 1646 370 1702 praescntcs,
384 1641 634 1704 perpetuis
644 1640 820 1687 futuris
835 1640 1137 1704 temporibus
1148 1640 1276 1701 quod

92 1721 190 1766 sint
224 1727 273 1767 ct
300 1727 445 1768 erunt
476 1722 527 1768 in
559 1721 689 1768 dicto
719 1721 940 1783 Collegio
977 1736 1034 1767 ac
1070 1720 1276 1767 Univer-

91 1801 233 1847 sitate
271 1800 415 1862 juxta
448 1802 635 1849 Dublin
673 1803 768 1849 duo
804 1802 1085 1864 Burgenscs
1120 1801 1276 1848 Parh-

92 1881 278 1927 amcnti
323 1883 491 1938 nostri,
539 1881 793 1937 heredum,
845 1888 893 1927 ct
937 1896 1274 1928 successorum

90 1966 369 2007 nostrorum
394 1981 406 2018 3
459 1961 683 2022 quodque
732 1960 987 2024 praedictus
1040 1960 1275 2024 Praeposi-

90 2046 184 2094 tus,
221 2040 354 2087 Socii
379 2046 428 2086 et
464 2040 738 2096 Scholarcs,
774 2047 822 2088 ct
850 2057 1152 2089 successores
1180 2043 1272 2098 sui,

89 2121 268 2166 virtute
287 2121 533 2183 praecepti,
559 2120 795 2176 mandati,
818 2137 903 2167 seu
919 2120 1173 2184 processfis
1197 2138 1272 2168 su-

90 2216 178 2264 per
190 2200 334 2248 breve
344 2207 511 2248 nostru
518 2218 580 2257 m,
595 2201 856 2258 haeredum,
870 2208 918 2249 et
936 2217 1270 2249 successorum

90 2287 363 2338 notrorum,
405 2282 464 2330 de
500 2282 739 2330 electione
775 2282 1108 2344 Burgcnsium
1154 2281 1271 2327 Par-
