1458 2455
695 148 723 195 9

115 275 373 339 praedictis,
397 280 446 321 et
461 289 629 321 coram
665 273 893 320 omnibus
916 273 948 321 J
953 274 1229 327 usticiariis,
1247 280 1296 320 et

114 356 147 402 J
153 354 370 402 udicibus
395 355 588 408 nostris,
616 353 692 400 vel
719 369 888 399 eorum
918 353 1172 416 aliquibus.

180 433 275 480 ET
287 432 647 481 ULTERIUS
666 432 904 488 volumus,
925 439 973 478 et
991 432 1296 484 ordinamus,

117 530 173 561 ac
198 531 286 578 pro
313 513 478 566 Nobis,
508 513 815 568 Haeredibus‚
844 520 892 560 et
921 511 1297 559 Successoribus

115 597 307 652 nostris,
349 611 437 659 per
467 602 730 658 praesentes
750 593 1065 641 concedimus
1086 589 1297 655 praefatis

118 678 401 740 Praeposito,
446 676 618 731 Sociis,
668 682 717 722 et
766 663 1140 722 Successoribus
1182 674 1295 728 suis,

118 759 246 820 quod
266 759 371 821 ipsi,
399 757 458 804 de
484 764 661 803 caetero
680 758 1055 819 inperpetuum,
1086 753 1301 800 habeant

120 855 382 886 commune
423 837 665 898 Sigillum,
703 837 763 882 ad
800 836 998 898 negotia
1022 850 1124 887 sua,
1154 831 1303 895 juxta

120 927 341 965 tenorem
370 926 418 964 et
443 933 606 964 veram
645 918 971 963 intentionem
1008 915 1185 961 harum
1223 912 1304 958 Li-

122 1007 338 1045 terarum
381 1005 660 1043 nostrarum
700 997 994 1060 patentium,
1039 994 1304 1041 deservitu-

121 1094 246 1132 rum,
276 1084 421 1140 prout
448 1078 735 1140 Praeposito,
765 1084 813 1123 et
839 1074 1016 1133 majori
1049 1075 1187 1122 Parti
1217 1074 1304 1121 So-

124 1160 311 1205 ciorum
340 1158 489 1204 visum
516 1157 677 1203 fuerit.
750 1155 1058 1203 INSUPER
1082 1154 1306 1201 concedi-

124 1255 233 1286 mus
270 1246 319 1285 et
345 1239 677 1298 'licenciainus
728 1237 1020 1299 Praeposito,
1061 1242 1110 1282 et
1148 1234 1306 1282 Sociis

125 1316 345 1379 ejusdem
394 1316 620 1378 Collegii,
670 1322 726 1362 ut
769 1315 940 1376 Leges,
993 1314 1206 1367 Statum,
1258 1321 1307 1360 et

127 1397 491 1452 OrdinationeS,
518 1412 606 1459 pro
632 1411 720 1442 suo
746 1394 969 1456 Collegio
995 1392 1074 1458 pie
1110 1402 1159 1440 et
1193 1393 1307 1440 fide-

124 1477 236 1526 liter
280 1476 614 1539 gubernando,
654 1475 713 1522 de
749 1482 971 1537 tempore
1009 1475 1058 1519 in
1094 1480 1304 1536 tempus,

126 1561 176 1606 in
210 1564 503 1622 perpetuum
538 1557 736 1611 faciant,
773 1557 1090 1611 constituant,
1120 1561 1168 1601 et
1193 1570 1306 1601 con-

126 1640 353 1697 firment3
384 1638 449 1685 Et
476 1644 531 1684 ut
551 1653 867 1699 quascunque
893 1636 1025 1698 leges
1046 1635 1172 1682 bene
1194 1651 1308 1682 con-

127 1721 320 1766 stitutas
339 1720 570 1765 sensirint
596 1719 646 1764 in
672 1717 910 1764 alterutra
930 1716 1097 1762 nostra
1121 1715 1308 1761 Archa-

129 1798 293 1845 demia
311 1798 723 1860 Cantabrigiensi‚
743 1804 827 1843 aut
843 1796 1134 1850 Oxonhansi,
1162 1795 1309 1843 modo

128 1877 217 1924 sibi
234 1884 372 1941 aptas
390 1886 437 1924 et
457 1877 800 1925 accommodas
813 1875 1160 1938 judicaverint,
1179 1877 1310 1923 intra

129 1975 180 2005 se
195 1958 470 2016 stabiliant3
494 1958 836 2021 Etpraesertim
848 1972 910 2004 ne
925 1957 1073 2003 Artes
1084 1955 1310 2003 liberales

130 2041 372 2103 quispiam
392 2040 503 2085 ullis
524 2039 630 2085 aliis
656 2039 706 2084 in
725 2038 845 2085 locis
862 2034 1057 2101 publice
1082 2037 1309 2099 profitea-

130 2129 226 2176 tur,
253 2126 339 2167 aut
364 2120 582 2172 edoceat,
608 2119 738 2164 intra
762 2117 925 2180 Regni
950 2117 1105 2164 nostri
1133 2115 1309 2163 Hiber-

131 2203 225 2249 niae
248 2200 444 2257 limites,
471 2202 576 2248 sine
598 2199 799 2247 licentia
816 2198 985 2246 nostra
1002 2196 1217 2261 speciali.

659 2295 687 2326 Β
714 2283 744 2326 3
