1504 2501
734 146 796 189 38

174 277 436 339 contigerit
491 275 707 338 aliquem
771 274 1033 323 Sociorum
1091 273 1359 322 Seniorum

173 374 383 406 numero
444 357 545 404 ullo
597 357 745 404 modo
795 356 955 412 deese,
1018 364 1066 402 et
1124 354 1357 409 amoveri,

173 446 348 497 morte,
420 439 639 495 decessu,
716 439 1066 501 resignatione,
1141 437 1360 502 depriva-

172 522 325 578 tione,
373 519 450 567 vel
498 520 595 567 alio
633 520 803 581 quovis
851 519 1016 575 modo,
1067 519 1198 580 quod
1240 525 1362 566 tunc

174 609 222 649 et
269 601 501 665 deinceps
548 600 674 648 bene
721 600 871 647 liceat
917 607 967 647 et
1017 598 1186 646 licebit
1235 599 1361 645 Prae-

172 683 348 746 posito,
388 682 671 743 caeterisque
719 682 870 729 Sociis
909 680 1186 728 senioribus
1241 687 1361 726 tunc

173 762 614 827 superviventibUS,
659 762 735 809 vel
789 760 982 823 maiori,
1040 762 1140 807 sive
1187 760 1362 822 aequali

173 846 303 909 parti
348 843 621 892 eorundem
673 859 763 906 pro
811 848 1037 905 tempore
1104 841 1363 892 existente,

173 924 276 973 una
307 940 420 973 cum
453 924 743 986 Praeposito,
789 922 937 968 aliam
980 920 1209 967 idoneam
1246 918 1364 965 Per·

174 1021 363 1061 sonam,
413 1004 489 1052 vel
552 1003 672 1049 alias
722 1001 926 1049 idoneas
988 1000 1251 1054 Personas,
1313 999 1364 1044 in

173 1086 338 1133 locum
379 1084 456 1131 vel
505 1083 654 1138 locOS,
700 1082 922 1146 praedicti
969 1080 1102 1128 Socii
1144 1080 1365 1127 Senioris

172 1166 251 1213 vel
279 1165 542 1213 Sociorum
571 1162 856 1219 Seniorum,
892 1163 1023 1208 intra
1051 1160 1299 1207 Triduum
1338 1157 1366 1205 a

174 1245 436 1293 vacatione
486 1242 682 1303 cognita
737 1241 932 1302 eligere,
987 1240 1265 1294 nominare,
1318 1245 1367 1284 et

177 1325 494 1373 constituere.
563 1321 805 1368 Similiter
841 1320 1008 1374 etiam,
1037 1320 1077 1366 si
1100 1318 1367 1379 contigerit

182 1406 443 1454 Sociorum
494 1402 763 1449 Juniorum
802 1406 852 1447 et
915 1399 1232 1447 Scholarium
1282 1397 1366 1443 ali-

178 1501 326 1548 quem
363 1483 465 1531 ullo
491 1482 639 1530 modo
660 1481 828 1528 deesse
854 1487 903 1527 et
929 1480 1162 1534 amoveri,
1189 1485 1363 1533 morte,

178 1565 397 1618 decessu,
453 1561 804 1622 resignatione,
875 1558 1231 1622 deprivatione,
1287 1557 1362 1604 vel

179 1646 278 1693 alio
315 1645 487 1706 quovis
519 1642 683 1695 modo,
722 1640 855 1702 quod
890 1647 1011 1687 tunc
1049 1644 1097 1685 et
1136 1638 1369 1700 deinceps

178 1727 305 1774 bene
335 1725 482 1772 liceat
524 1730 573 1770 et
608 1721 777 1770 licebit
808 1720 1099 1783 Praeposito,
1125 1725 1175 1765 et
1211 1718 1369 1765 Sociis

181 1805 489 1860 Senioribus,
541 1804 618 1851 vel
674 1800 854 1865 majori
906 1802 1047 1848 Parti
1097 1799 1369 1847 eorundem

179 1905 270 1954 pro
324 1895 551 1951 tempore
614 1886 873 1953 existente,
922 1899 1025 1930 una
1079 1898 1193 1929 cum
1245 1883 1371 1929 Prae..

180 1968 357 2032 posito,
421 1967 569 2013 aliam
642 1965 874 2013 idoneam
934 1964 1226 2019 Personam,
1285 1969 1371 2009 aut

182 2050 302 2097 alias
326 2048 530 2095 idoneas
562 2047 824 2101 PersonaS,
852 2046 904 2092 in
928 2044 1093 2092 locum
1119 2043 1195 2090 vel
1219 2043 1366 2097 locos,

181 2127 400 2194 praedicti
428 2126 563 2174 Socii
586 2126 617 2173 J
622 2128 810 2174 unioris
835 2132 921 2173 aut
944 2124 1213 2177 Scholaris,
1235 2122 1370 2170 Soci-

184 2225 326 2257 orum
350 2207 618 2256 Juniorum
644 2214 730 2255 aut
757 2206 1088 2261 Scholarium,
1116 2203 1194 2251 die
1219 2202 1370 2250 Lunae
