1504 2501
786 107 874 151 126

237 233 358 280 Post
382 233 511 295 quod
536 235 732 296 quidem
753 238 983 301 spatium,
1010 238 1059 284 in
1082 253 1236 285 unum
1254 239 1416 288 denuo

233 314 521 374 congregari
563 313 702 378 (cum
739 315 789 362 id
834 316 1094 364 commode
1137 323 1186 364 et
1235 318 1416 381 absque

231 391 451 455 periculo
487 393 594 440 fieri
629 393 814 457 potest)
856 395 1121 459 discipulos
1162 398 1416 445 universos

229 473 470 521 volumus.
542 474 634 522 Illo
657 491 773 524 vero
798 479 1034 541 temporis
1072 479 1248 541 spatio,
1286 479 1326 525 si
1364 480 1416 526 in

233 568 334 600 uno
371 553 534 616 aliquo
570 554 680 602 loco
716 556 863 604 simul
910 573 1014 605 esse
1062 565 1282 621 possunt,
1333 566 1419 606 aut

230 650 417 691 omneS‚
446 642 531 684 aut
554 637 734 702 plures,
762 645 866 685 tum
894 654 1066 686 omnes
1086 639 1241 686 Actus
1264 638 1417 688 Scho-

227 715 440 773 lastiCOS,
466 734 587 779 quos
607 725 834 782 praestare
852 721 901 766 in
923 720 1145 782 Collegio
1164 727 1412 778 tenentur,

228 796 503 854 observare,
537 805 587 846 et
624 806 804 846 caetcra
841 800 977 847 obire
1016 801 1276 857 Volumus,
1313 818 1416 864 quae

228 876 439 938 Collegii
468 877 667 925 Statuta
691 880 908 940 exigunt.
981 879 1174 934 Quibus
1201 887 1306 929 toto
1330 883 1414 931 illo

226 962 466 1020 tempore,
495 973 591 1019 quo
618 959 764 1004 simul
795 959 1112 1016 rusticantur,
1150 960 1413 1010 Lectorem

224 1036 533 1099 primarium,
561 1043 611 1084 et
634 1037 955 1085 Decanorum
981 1056 1155 1096 unum,
1189 1041 1251 1088 ad
1289 1041 1413 1089 arbi-

224 1118 375 1164 trium
403 1118 678 1183 Praepositi,
701 1136 905 1184 praeesse
924 1120 1183 1170 Volumus.
1231 1122 1414 1171 Lector

225 1203 393 1244 autem
419 1199 643 1245 omnium
672 1205 986 1263 acceptorum
1011 1206 1060 1247 et
1084 1216 1412 1264 expensorum

221 1277 467 1323 rationem
500 1278 747 1341 accipiat,
791 1278 1025 1326 Decanus
1068 1297 1182 1327 vero
1216 1297 1409 1329 morum

219 1355 467 1417 honestati
503 1357 772 1420 provideat.
843 1358 979 1406 Nulli
1015 1360 1286 1417 Sociorum,
1326 1368 1411 1409 aut

219 1435 609 1500 Discipulorum,
643 1453 702 1486 eo
739 1444 978 1502 tempore,
1021 1456 1116 1501 quo
1156 1457 1270 1488 rure
1309 1457 1408 1488 ma-

221 1523 356 1572 nent,
386 1524 723 1579 commeatum
757 1519 1089 1575 concedimus,
1123 1521 1217 1566 nisi
1248 1521 1324 1568 vel
1356 1524 1408 1568 in

220 1595 459 1658 Collegio,
478 1596 555 1643 vel
574 1612 685 1644 cum
712 1597 980 1662 Discipulis
1012 1606 1252 1648 versetur.
1300 1600 1408 1648 Sta-

216 1677 402 1723 tuimus
444 1693 609 1741 porro,
649 1684 698 1725 et
734 1678 990 1736 Volumus,
1022 1686 1077 1727 ut
1109 1681 1226 1728 dum
1262 1684 1406 1729 rusti-

217 1764 395 1804 cantur
429 1758 564 1806 Socii
602 1775 660 1807 ac
696 1759 955 1824 Discipuli,
988 1760 1284 1825 PraepositUS
1320 1771 1405 1811 aut

217 1837 653 1903 Vicepraepositus,
675 1841 727 1888 in
749 1841 973 1901 Collegio
999 1842 1060 1889 acl
1086 1840 1189 1904 ejus
1209 1858 1403 1891 conser-

215 1919 465 1965 vationem
491 1927 706 1978 maneat,
733 1921 827 1967 nisi
853 1922 1040 1984 possint
1075 1921 1247 1969 Socios
1279 1922 1401 1970 duos

215 2013 241 2043 e
262 1997 547 2047 Senioribus
567 2017 656 2065 per
671 2000 909 2065 majorem
929 2009 1119 2066 partem
1140 2002 1399 2050 Sociorum

218 2077 484 2128 Seniorum
511 2082 870 2146 approbandos,
898 2084 949 2131 in
973 2099 1061 2131 suo
1086 2083 1196 2131 loco
1226 2082 1398 2130 substi-

214 2164 368 2207 tuere.
