1504 2501
773 172 833 221 68

215 326 366 376 penes
420 308 763 372 Praepositum,
818 312 868 353 et
913 302 1153 367 majorem
1199 307 1392 367 partem

221 393 475 439 Sociorum
507 389 782 436 Seniorum.
854 386 1104 449 Tempore
1143 382 1395 431 electionis

223 471 494 524 Sociorum,
523 468 601 515 die
626 482 806 530 nempe
850 465 1005 513 Lunae
1025 464 1249 528 proxime
1286 467 1397 524 post

218 549 539 597 Dominicam
551 547 822 603 Trinitatis,
835 546 1066 610 primum,
1080 541 1398 590 omnesElec-

220 638 367 685 tores,
386 645 632 678 memores
644 627 915 690 juramenti
938 625 1159 687 Collegio
1178 621 1397 687 praestiti,

220 711 526 776 provideant,
580 716 629 757 et
669 713 902 763 statuant,
951 722 1002 754 se
1048 706 1300 752 neminem
1351 702 1404 748 in

227 793 426 839 Socium
455 791 697 838 electuros
729 789 811 851 qui
848 789 911 834 sit
946 786 1148 833 infamia
1185 788 1401 838 notatus,

224 871 284 919 de
315 872 488 918 haeresi
525 870 789 923 convictUS,
834 872 920 913 aut
956 864 1175 912 moribus
1211 868 1260 909 et
1295 862 1405 908 vitae

225 949 582 998 consuetudine
607 947 884 1002 dissolutus,
912 945 998 993 sed
1029 960 1112 992 eos
1150 943 1405 996 duntaxat,

227 1047 348 1093 quos
363 1037 487 1078 teste
506 1027 823 1084 conscientia,
847 1026 1050 1074 idoneos
1059 1021 1407 1087 judicaverint.

230 1111 379 1167 Quod
403 1112 443 1158 si
467 1111 709 1177 quispiam
735 1108 1041 1161 Electorum,
1081 1103 1158 1151 vel
1203 1115 1410 1149 munere

230 1192 456 1247 donatus,
482 1190 559 1238 vel
578 1205 663 1253 spe
683 1188 902 1235 muneris
917 1185 1160 1239 inductus,
1181 1182 1411 1244 cuiquam

230 1272 526 1332 suffragatus
551 1284 655 1316 esse
681 1267 1015 1331 deprehensus
1052 1264 1214 1316 fuerit,
1254 1268 1303 1308 et
1336 1276 1414 1307 co-

232 1367 339 1399 ram
366 1351 651 1414 Praeposito,
682 1347 980 1408 reliquisque
1009 1344 1162 1391 Sociis
1203 1342 1413 1389 Seniori-

235 1433 324 1479 bus
349 1432 409 1479 de
426 1447 484 1478 eo
501 1430 718 1492 legitime
735 1427 884 1474 fuerit
900 1425 1168 1479 convictUS‚
1191 1422 1416 1483 Collegio

237 1512 526 1577 expellatur.
600 1510 830 1565 Quatuor
884 1506 1054 1554 diebus
1099 1504 1417 1569 praecedenti-

237 1595 328 1643 bus
361 1594 616 1642 electionis
657 1592 802 1647 diem,
831 1590 891 1637 ab
923 1590 1042 1636 hora
1079 1588 1251 1636 octava
1286 1592 1421 1634 ante-

238 1674 517 1722 meridiana
542 1672 604 1719 ad
623 1672 883 1724 decimam,
910 1675 959 1717 et
978 1668 1038 1716 ab
1064 1668 1182 1715 hora
1206 1666 1424 1714 secunda

239 1751 581 1820 pomeridiana
605 1753 666 1801 ad
691 1758 933 1814 quartam,
961 1765 1133 1798 omnes
1169 1748 1423 1795 Electores

241 1836 503 1898 diligenter
527 1834 802 1895 exquirant,
830 1846 976 1894 quem
997 1844 1308 1894 progressum
1329 1828 1425 1874 sin-

241 1916 343 1978 guli
390 1914 618 1978 eligendi,
667 1914 767 1960 sive
808 1913 906 1958 sint
952 1910 1290 1963 Baccalaurei,
1327 1909 1428 1955 sive

243 1996 484 2058 Magistri,
504 1997 554 2041 in
581 1994 720 2041 bonis
756 1992 911 2039 literis
951 1991 1189 2038 fecerunt.
1262 1989 1428 2035 Primo

246 2076 340 2129 die,
382 2077 431 2122 in
481 2075 772 2131 Dialectica,
820 2079 870 2121 et
913 2070 1312 2128 Mathematicis3
1358 2083 1428 2114 se-

245 2157 421 2214 cundo,
458 2158 509 2203 in
536 2153 859 2219 Philosophia,
890 2161 995 2201 tum
1038 2150 1269 2205 naturali,
1323 2154 1431 2194 tum

247 2237 457 2297 morali3
518 2234 678 2292 tertio,
733 2237 783 2281 in
819 2234 1100 2296 linguarum
1151 2228 1341 2295 peritia,
1381 2228 1432 2275 in
