<?xml version="1.0" encoding="UTF-8"?>
<!DOCTYPE html PUBLIC "-//W3C//DTD XHTML 1.0 Transitional//EN"
    "http://www.w3.org/TR/xhtml1/DTD/xhtml1-transitional.dtd">
<html xmlns="http://www.w3.org/1999/xhtml" xml:lang="en" lang="en">
 <head>
  <title>
</title>
<meta http-equiv="Content-Type" content="text/html;charset=utf-8" />
  <meta name='ocr-system' content='tesseract 3.04.00' />
  <meta name='ocr-capabilities' content='ocr_page ocr_carea ocr_par ocr_line ocrx_word'/>
</head>
<body>
  <div class='ocr_page' id='page_1' title='image "./chartaeetstatuta00trinuoft_0134.png"; bbox 0 0 1504 2501; ppageno 0'>
   <div class='ocr_carea' id='block_1_1' title="bbox 753 124 845 174">
    <p class='ocr_par' dir='ltr' id='par_1_1' title="bbox 753 124 845 174">
     <span class='ocr_line' id='line_1_1' title="bbox 753 124 845 174; baseline 0 0"><span class='ocrx_word' id='word_1_1' title='bbox 753 124 845 174; x_wconf 71' lang='lat'>116</span> 
     </span>
    </p>
   </div>
   <div class='ocr_carea' id='block_1_2' title="bbox 206 257 1404 1772">
    <p class='ocr_par' dir='ltr' id='par_1_2' title="bbox 206 257 1404 1772">
     <span class='ocr_line' id='line_1_2' title="bbox 207 257 1379 314; baseline -0.012 -1"><span class='ocrx_word' id='word_1_2' title='bbox 207 263 603 314; x_wconf 77' lang='lat' dir='ltr'><strong>memoravimus,</strong></span> <span class='ocrx_word' id='word_1_3' title='bbox 635 261 764 308; x_wconf 90' lang='lat' dir='ltr'>clare</span> <span class='ocrx_word' id='word_1_4' title='bbox 789 257 1105 311; x_wconf 81' lang='lat' dir='ltr'>describatur,</span> <span class='ocrx_word' id='word_1_5' title='bbox 1140 270 1240 301; x_wconf 86' lang='lat' dir='ltr'>una</span> <span class='ocrx_word' id='word_1_6' title='bbox 1270 269 1379 301; x_wconf 82' lang='lat' dir='ltr'>cum</span> 
     </span>
     <span class='ocr_line' id='line_1_3' title="bbox 206 335 1383 395; baseline -0.012 -2"><span class='ocrx_word' id='word_1_7' title='bbox 206 352 440 393; x_wconf 85' lang='lat' dir='ltr'>renovato</span> <span class='ocrx_word' id='word_1_8' title='bbox 485 342 743 390; x_wconf 85' lang='lat' dir='ltr'>nominum</span> <span class='ocrx_word' id='word_1_9' title='bbox 791 354 963 387; x_wconf 89' lang='lat' dir='ltr'>eorum</span> <span class='ocrx_word' id='word_1_10' title='bbox 1002 335 1264 390; x_wconf 83' lang='lat' dir='ltr'>breviculo,</span> <span class='ocrx_word' id='word_1_11' title='bbox 1302 335 1383 395; x_wconf 85' lang='lat' dir='ltr'>qui</span> 
     </span>
     <span class='ocr_line' id='line_1_4' title="bbox 208 416 1387 480; baseline -0.012 -6"><span class='ocrx_word' id='word_1_12' title='bbox 208 427 431 474; x_wconf 87' lang='lat' dir='ltr'>nondum</span> <span class='ocrx_word' id='word_1_13' title='bbox 456 424 719 471; x_wconf 86' lang='lat' dir='ltr'>solverunt.</span> <span class='ocrx_word' id='word_1_14' title='bbox 781 421 836 468; x_wconf 89' lang='lat' dir='ltr'>Id</span> <span class='ocrx_word' id='word_1_15' title='bbox 861 435 976 467; x_wconf 90' lang='lat' dir='ltr'>vero</span> <span class='ocrx_word' id='word_1_16' title='bbox 1000 433 1096 480; x_wconf 86' lang='lat' dir='ltr'>quo</span> <span class='ocrx_word' id='word_1_17' title='bbox 1122 416 1312 470; x_wconf 86' lang='lat' dir='ltr'>melius,</span> <span class='ocrx_word' id='word_1_18' title='bbox 1339 421 1387 460; x_wconf 89' lang='lat' dir='ltr'>et</span> 
     </span>
     <span class='ocr_line' id='line_1_5' title="bbox 210 493 1388 566; baseline -0.013 -12"><span class='ocrx_word' id='word_1_19' title='bbox 210 506 486 554; x_wconf 76' lang='lat' dir='ltr'>accuratius</span> <span class='ocrx_word' id='word_1_20' title='bbox 521 508 791 566; x_wconf 77' lang='lat' dir='ltr'>praestetur,</span> <span class='ocrx_word' id='word_1_21' title='bbox 834 499 1124 554; x_wconf 86' lang='lat' dir='ltr'>Statuimus,</span> <span class='ocrx_word' id='word_1_22' title='bbox 1162 502 1211 543; x_wconf 92' lang='lat' dir='ltr'>et</span> <span class='ocrx_word' id='word_1_23' title='bbox 1246 493 1388 541; x_wconf 88' lang='lat' dir='ltr'>Ordi-</span> 
     </span>
     <span class='ocr_line' id='line_1_6' title="bbox 210 576 1388 644; baseline -0.012 -10"><span class='ocrx_word' id='word_1_24' title='bbox 210 602 403 641; x_wconf 85' lang='lat' dir='ltr'>namus,</span> <span class='ocrx_word' id='word_1_25' title='bbox 429 592 484 632; x_wconf 89' lang='lat' dir='ltr'>ut</span> <span class='ocrx_word' id='word_1_26' title='bbox 502 586 564 631; x_wconf 87' lang='lat' dir='ltr'>sit</span> <span class='ocrx_word' id='word_1_27' title='bbox 584 585 826 630; x_wconf 80' lang='lat' dir='ltr'><strong>AUDITOR</strong></span> <span class='ocrx_word' id='word_1_28' title='bbox 852 580 1091 644; x_wconf 80' lang='lat' dir='ltr'>quispiam</span> <span class='ocrx_word' id='word_1_29' title='bbox 1114 577 1178 641; x_wconf 87' lang='lat' dir='ltr'>(si</span> <span class='ocrx_word' id='word_1_30' title='bbox 1197 576 1388 638; x_wconf 81' lang='lat' dir='ltr'>Praepo-</span> 
     </span>
     <span class='ocr_line' id='line_1_7' title="bbox 211 656 1391 727; baseline -0.012 -13"><span class='ocrx_word' id='word_1_31' title='bbox 211 670 320 723; x_wconf 83' lang='lat' dir='ltr'>sito,</span> <span class='ocrx_word' id='word_1_32' title='bbox 359 673 408 713; x_wconf 92' lang='lat' dir='ltr'>et</span> <span class='ocrx_word' id='word_1_33' title='bbox 442 662 618 726; x_wconf 87' lang='lat' dir='ltr'>majori</span> <span class='ocrx_word' id='word_1_34' title='bbox 667 663 793 727; x_wconf 86' lang='lat' dir='ltr'>parti</span> <span class='ocrx_word' id='word_1_35' title='bbox 843 661 1100 708; x_wconf 86' lang='lat' dir='ltr'>Sociorum</span> <span class='ocrx_word' id='word_1_36' title='bbox 1148 656 1391 704; x_wconf 86' lang='lat' dir='ltr'>videbitur</span> 
     </span>
     <span class='ocr_line' id='line_1_8' title="bbox 212 737 1388 805; baseline -0.011 -11"><span class='ocrx_word' id='word_1_37' title='bbox 212 744 570 804; x_wconf 80' lang='lat' dir='ltr'>necessarium)</span> <span class='ocrx_word' id='word_1_38' title='bbox 597 743 803 805; x_wconf 82' lang='lat' dir='ltr'>Collegii</span> <span class='ocrx_word' id='word_1_39' title='bbox 824 740 1078 805; x_wconf 87' lang='lat' dir='ltr'>stipendiis</span> <span class='ocrx_word' id='word_1_40' title='bbox 1104 737 1388 788; x_wconf 85' lang='lat' dir='ltr'>conductus,</span> 
     </span>
     <span class='ocr_line' id='line_1_9' title="bbox 214 816 1392 890; baseline -0.014 -15"><span class='ocrx_word' id='word_1_41' title='bbox 214 829 295 890; x_wconf 89' lang='lat' dir='ltr'>qui</span> <span class='ocrx_word' id='word_1_42' title='bbox 322 831 554 889; x_wconf 82' lang='lat' dir='ltr'>computo</span> <span class='ocrx_word' id='word_1_43' title='bbox 579 822 819 877; x_wconf 88' lang='lat' dir='ltr'>faciendo,</span> <span class='ocrx_word' id='word_1_44' title='bbox 846 827 901 867; x_wconf 87' lang='lat' dir='ltr'>ut</span> <span class='ocrx_word' id='word_1_45' title='bbox 924 818 1219 883; x_wconf 82' lang='lat' dir='ltr'>praedicitur,</span> <span class='ocrx_word' id='word_1_46' title='bbox 1247 816 1392 860; x_wconf 88' lang='lat' dir='ltr'>inter-</span> 
     </span>
     <span class='ocr_line' id='line_1_10' title="bbox 215 899 1396 962; baseline -0.013 -8"><span class='ocrx_word' id='word_1_47' title='bbox 215 909 292 962; x_wconf 88' lang='lat' dir='ltr'>sit,</span> <span class='ocrx_word' id='word_1_48' title='bbox 320 913 370 954; x_wconf 93' lang='lat' dir='ltr'>et</span> <span class='ocrx_word' id='word_1_49' title='bbox 392 905 609 952; x_wconf 85' lang='lat' dir='ltr'>rationes</span> <span class='ocrx_word' id='word_1_50' title='bbox 643 903 795 949; x_wconf 87' lang='lat' dir='ltr'>totius</span> <span class='ocrx_word' id='word_1_51' title='bbox 831 899 949 946; x_wconf 87' lang='lat' dir='ltr'>anni</span> <span class='ocrx_word' id='word_1_52' title='bbox 985 903 1314 960; x_wconf 85' lang='lat' dir='ltr'>acceptorum,</span> <span class='ocrx_word' id='word_1_53' title='bbox 1347 900 1396 940; x_wconf 85' lang='lat' dir='ltr'>et</span> 
     </span>
     <span class='ocr_line' id='line_1_11' title="bbox 216 974 1396 1050; baseline -0.013 -16"><span class='ocrx_word' id='word_1_54' title='bbox 216 999 543 1050; x_wconf 83' lang='lat' dir='ltr'>expensorum</span> <span class='ocrx_word' id='word_1_55' title='bbox 569 986 797 1029; x_wconf 88' lang='lat' dir='ltr'>accurate</span> <span class='ocrx_word' id='word_1_56' title='bbox 827 977 1116 1032; x_wconf 76' lang='lat' dir='ltr'>consideret,</span> <span class='ocrx_word' id='word_1_57' title='bbox 1145 982 1194 1023; x_wconf 89' lang='lat' dir='ltr'>et</span> <span class='ocrx_word' id='word_1_58' title='bbox 1217 974 1396 1022; x_wconf 82' lang='lat' dir='ltr'>exami-</span> 
     </span>
     <span class='ocr_line' id='line_1_12' title="bbox 217 1060 1397 1128; baseline -0.013 -10"><span class='ocrx_word' id='word_1_59' title='bbox 217 1077 320 1127; x_wconf 77' lang='lat' dir='ltr'>net,</span> <span class='ocrx_word' id='word_1_60' title='bbox 346 1067 641 1128; x_wconf 85' lang='lat' dir='ltr'>easdemque</span> <span class='ocrx_word' id='word_1_61' title='bbox 666 1066 797 1111; x_wconf 91' lang='lat' dir='ltr'>intra</span> <span class='ocrx_word' id='word_1_62' title='bbox 819 1069 919 1109; x_wconf 86' lang='lat' dir='ltr'>tres</span> <span class='ocrx_word' id='word_1_63' title='bbox 951 1075 1144 1108; x_wconf 87' lang='lat' dir='ltr'>menses</span> <span class='ocrx_word' id='word_1_64' title='bbox 1169 1060 1219 1105; x_wconf 93' lang='lat' dir='ltr'>in</span> <span class='ocrx_word' id='word_1_65' title='bbox 1244 1073 1397 1105; x_wconf 88' lang='lat' dir='ltr'>mem-</span> 
     </span>
     <span class='ocr_line' id='line_1_13' title="bbox 219 1139 1400 1202; baseline -0.012 -5"><span class='ocrx_word' id='word_1_66' title='bbox 219 1151 398 1197; x_wconf 83' lang='lat' dir='ltr'>branas</span> <span class='ocrx_word' id='word_1_67' title='bbox 450 1142 863 1198; x_wconf 81' lang='lat' dir='ltr'>t1·anscribendaS‚</span> <span class='ocrx_word' id='word_1_68' title='bbox 913 1146 963 1188; x_wconf 90' lang='lat' dir='ltr'>et</span> <span class='ocrx_word' id='word_1_69' title='bbox 1009 1139 1296 1202; x_wconf 80' lang='lat' dir='ltr'>Praeposito,</span> <span class='ocrx_word' id='word_1_70' title='bbox 1351 1144 1400 1184; x_wconf 90' lang='lat' dir='ltr'>et</span> 
     </span>
     <span class='ocr_line' id='line_1_14' title="bbox 225 1218 1400 1286; baseline -0.013 -8"><span class='ocrx_word' id='word_1_71' title='bbox 225 1230 383 1278; x_wconf 83' lang='lat' dir='ltr'>Sociis</span> <span class='ocrx_word' id='word_1_72' title='bbox 422 1225 708 1275; x_wconf 87' lang='lat' dir='ltr'>Senioribus</span> <span class='ocrx_word' id='word_1_73' title='bbox 735 1223 814 1286; x_wconf 87' lang='lat' dir='ltr'>(ut</span> <span class='ocrx_word' id='word_1_74' title='bbox 847 1228 955 1269; x_wconf 91' lang='lat' dir='ltr'>tuto</span> <span class='ocrx_word' id='word_1_75' title='bbox 990 1218 1269 1280; x_wconf 86' lang='lat' dir='ltr'>serventur)</span> <span class='ocrx_word' id='word_1_76' title='bbox 1304 1224 1400 1264; x_wconf 69' lang='lat' dir='ltr'>tra-</span> 
     </span>
     <span class='ocr_line' id='line_1_15' title="bbox 223 1297 1401 1363; baseline -0.013 -5"><span class='ocrx_word' id='word_1_77' title='bbox 223 1310 407 1358; x_wconf 84' lang='lat' dir='ltr'>dendas</span> <span class='ocrx_word' id='word_1_78' title='bbox 432 1314 584 1355; x_wconf 88' lang='lat' dir='ltr'>curet.</span> <span class='ocrx_word' id='word_1_79' title='bbox 654 1305 733 1352; x_wconf 90' lang='lat' dir='ltr'>De</span> <span class='ocrx_word' id='word_1_80' title='bbox 759 1297 967 1363; x_wconf 62' lang='lat' dir='ltr'>Colleg&#39;ii</span> <span class='ocrx_word' id='word_1_81' title='bbox 1000 1307 1165 1347; x_wconf 81' lang='lat' dir='ltr'>autem</span> <span class='ocrx_word' id='word_1_82' title='bbox 1191 1297 1401 1362; x_wconf 70' lang='lat' dir='ltr'>pecunia</span> 
     </span>
     <span class='ocr_line' id='line_1_16' title="bbox 224 1379 1401 1440; baseline -0.012 -4"><span class='ocrx_word' id='word_1_83' title='bbox 224 1387 442 1440; x_wconf 82' lang='lat' dir='ltr'>Nemini,</span> <span class='ocrx_word' id='word_1_84' title='bbox 470 1384 546 1432; x_wconf 90' lang='lat' dir='ltr'>vel</span> <span class='ocrx_word' id='word_1_85' title='bbox 574 1384 736 1438; x_wconf 88' lang='lat' dir='ltr'>Socio,</span> <span class='ocrx_word' id='word_1_86' title='bbox 761 1381 834 1428; x_wconf 91' lang='lat' dir='ltr'>vel</span> <span class='ocrx_word' id='word_1_87' title='bbox 852 1380 1006 1435; x_wconf 85' lang='lat' dir='ltr'>alteri,</span> <span class='ocrx_word' id='word_1_88' title='bbox 1036 1379 1296 1440; x_wconf 87' lang='lat' dir='ltr'>quicquam</span> <span class='ocrx_word' id='word_1_89' title='bbox 1314 1392 1401 1423; x_wconf 92' lang='lat' dir='ltr'>un-</span> 
     </span>
     <span class='ocr_line' id='line_1_17' title="bbox 225 1459 1403 1531; baseline -0.014 -15"><span class='ocrx_word' id='word_1_90' title='bbox 225 1483 371 1531; x_wconf 88' lang='lat' dir='ltr'>quam</span> <span class='ocrx_word' id='word_1_91' title='bbox 408 1463 764 1514; x_wconf 86' lang='lat' dir='ltr'>commodetur.</span> <span class='ocrx_word' id='word_1_92' title='bbox 840 1459 1113 1507; x_wconf 86' lang='lat' dir='ltr'>Pecuniam</span> <span class='ocrx_word' id='word_1_93' title='bbox 1148 1472 1263 1504; x_wconf 88' lang='lat' dir='ltr'>vero</span> <span class='ocrx_word' id='word_1_94' title='bbox 1299 1471 1403 1501; x_wconf 90' lang='lat' dir='ltr'>mu-</span> 
     </span>
     <span class='ocr_line' id='line_1_18' title="bbox 227 1535 1403 1606; baseline -0.013 -10"><span class='ocrx_word' id='word_1_95' title='bbox 227 1556 365 1596; x_wconf 90' lang='lat' dir='ltr'>tuam</span> <span class='ocrx_word' id='word_1_96' title='bbox 389 1562 490 1593; x_wconf 90' lang='lat' dir='ltr'>non</span> <span class='ocrx_word' id='word_1_97' title='bbox 516 1544 833 1606; x_wconf 80' lang='lat' dir='ltr'>intelligimus</span> <span class='ocrx_word' id='word_1_98' title='bbox 869 1540 1019 1596; x_wconf 86' lang='lat' dir='ltr'>illam,</span> <span class='ocrx_word' id='word_1_99' title='bbox 1058 1554 1160 1600; x_wconf 87' lang='lat' dir='ltr'>quae</span> <span class='ocrx_word' id='word_1_100' title='bbox 1194 1535 1403 1583; x_wconf 84' lang='lat' dir='ltr'>traditur</span> 
     </span>
     <span class='ocr_line' id='line_1_19' title="bbox 231 1618 1404 1688; baseline -0.014 -10"><span class='ocrx_word' id='word_1_101' title='bbox 231 1630 377 1678; x_wconf 85' lang='lat' dir='ltr'>alicui</span> <span class='ocrx_word' id='word_1_102' title='bbox 410 1627 679 1682; x_wconf 79' lang='lat' dir='ltr'>Officiario,</span> <span class='ocrx_word' id='word_1_103' title='bbox 714 1639 812 1688; x_wconf 85' lang='lat' dir='ltr'>prae</span> <span class='ocrx_word' id='word_1_104' title='bbox 833 1620 1073 1674; x_wconf 81' lang='lat' dir='ltr'>manibus,</span> <span class='ocrx_word' id='word_1_105' title='bbox 1102 1618 1163 1666; x_wconf 91' lang='lat' dir='ltr'>ad</span> <span class='ocrx_word' id='word_1_106' title='bbox 1187 1630 1404 1665; x_wconf 84' lang='lat' dir='ltr'>necessa-</span> 
     </span>
     <span class='ocr_line' id='line_1_20' title="bbox 231 1703 850 1772; baseline -0.016 -13"><span class='ocrx_word' id='word_1_107' title='bbox 231 1712 305 1758; x_wconf 85' lang='lat' dir='ltr'>ria</span> <span class='ocrx_word' id='word_1_108' title='bbox 328 1709 503 1758; x_wconf 87' lang='lat' dir='ltr'>melius</span> <span class='ocrx_word' id='word_1_109' title='bbox 526 1703 850 1772; x_wconf 85' lang='lat' dir='ltr'>procuranda.</span> 
     </span>
    </p>
   </div>
  </div>
 </body>
</html>
