<?xml version="1.0" encoding="UTF-8"?>
<!DOCTYPE html PUBLIC "-//W3C//DTD XHTML 1.0 Transitional//EN"
    "http://www.w3.org/TR/xhtml1/DTD/xhtml1-transitional.dtd">
<html xmlns="http://www.w3.org/1999/xhtml" xml:lang="en" lang="en">
 <head>
  <title>
</title>
<meta http-equiv="Content-Type" content="text/html;charset=utf-8" />
  <meta name='ocr-system' content='tesseract 3.04.00' />
  <meta name='ocr-capabilities' content='ocr_page ocr_carea ocr_par ocr_line ocrx_word'/>
</head>
<body>
  <div class='ocr_page' id='page_1' title='image "./chartaeetstatuta00trinuoft_0164.png"; bbox 0 0 1504 2501; ppageno 0'>
   <div class='ocr_carea' id='block_1_1' title="bbox 786 147 878 195">
    <p class='ocr_par' dir='ltr' id='par_1_1' title="bbox 786 147 878 195">
     <span class='ocr_line' id='line_1_1' title="bbox 786 147 878 195; baseline 0.022 -2"><span class='ocrx_word' id='word_1_1' title='bbox 786 147 878 195; x_wconf 84' lang='lat'><strong>146</strong></span> 
     </span>
    </p>
   </div>
   <div class='ocr_carea' id='block_1_2' title="bbox 227 274 1413 1135">
    <p class='ocr_par' dir='ltr' id='par_1_2' title="bbox 230 274 1413 888">
     <span class='ocr_line' id='line_1_2' title="bbox 301 274 1413 348; baseline 0.01 -28"><span class='ocrx_word' id='word_1_2' title='bbox 301 274 561 323; x_wconf 88' lang='lat' dir='ltr'><strong>Postremo</strong></span> <span class='ocrx_word' id='word_1_3' title='bbox 593 277 851 336; x_wconf 86' lang='lat' dir='ltr'><strong>Volumus,</strong></span> <span class='ocrx_word' id='word_1_4' title='bbox 883 286 938 327; x_wconf 91' lang='lat' dir='ltr'><strong>ut</strong></span> <span class='ocrx_word' id='word_1_5' title='bbox 972 282 1067 329; x_wconf 87' lang='lat' dir='ltr'><strong>tria</strong></span> <span class='ocrx_word' id='word_1_6' title='bbox 1097 282 1413 348; x_wconf 82' lang='lat' dir='ltr'><strong>Exemplaria</strong></span> 
     </span>
     <span class='ocr_line' id='line_1_3' title="bbox 235 354 1413 421; baseline 0.011 -22"><span class='ocrx_word' id='word_1_7' title='bbox 235 354 522 402; x_wconf 82' lang='lat' dir='ltr'><strong>authentica</strong></span> <span class='ocrx_word' id='word_1_8' title='bbox 556 356 732 404; x_wconf 88' lang='lat' dir='ltr'><strong>horum</strong></span> <span class='ocrx_word' id='word_1_9' title='bbox 758 358 1049 408; x_wconf 89' lang='lat' dir='ltr'><strong>Nostrorum</strong></span> <span class='ocrx_word' id='word_1_10' title='bbox 1086 362 1413 421; x_wconf 88' lang='lat' dir='ltr'><strong>Statutorum,</strong></span> 
     </span>
     <span class='ocr_line' id='line_1_4' title="bbox 233 436 1411 507; baseline 0.01 -27"><span class='ocrx_word' id='word_1_11' title='bbox 233 436 426 499; x_wconf 76' lang='lat' dir='ltr'><strong>seriptis</strong></span> <span class='ocrx_word' id='word_1_12' title='bbox 472 438 799 499; x_wconf 83' lang='lat' dir='ltr'><strong>mandentur3</strong></span> <span class='ocrx_word' id='word_1_13' title='bbox 849 457 1056 503; x_wconf 89' lang='lat' dir='ltr'><strong>quorum</strong></span> <span class='ocrx_word' id='word_1_14' title='bbox 1099 445 1312 507; x_wconf 89' lang='lat' dir='ltr'><strong>primum</strong></span> <span class='ocrx_word' id='word_1_15' title='bbox 1361 447 1411 491; x_wconf 82' lang='lat' dir='ltr'><strong>in</strong></span> 
     </span>
     <span class='ocr_line' id='line_1_5' title="bbox 231 514 1410 586; baseline 0.009 -26"><span class='ocrx_word' id='word_1_16' title='bbox 231 514 460 562; x_wconf 84' lang='lat' dir='ltr'><strong>Archivis</strong></span> <span class='ocrx_word' id='word_1_17' title='bbox 477 515 685 579; x_wconf 87' lang='lat' dir='ltr'><strong>Collegii</strong></span> <span class='ocrx_word' id='word_1_18' title='bbox 701 535 846 580; x_wconf 88' lang='lat' dir='ltr'><strong>quam</strong></span> <span class='ocrx_word' id='word_1_19' title='bbox 871 522 1113 569; x_wconf 89' lang='lat' dir='ltr'><strong>tutissime</strong></span> <span class='ocrx_word' id='word_1_20' title='bbox 1128 531 1410 586; x_wconf 81' lang='lat' dir='ltr'><strong>reponatur.</strong></span> 
     </span>
     <span class='ocr_line' id='line_1_6' title="bbox 231 596 1413 666; baseline 0.007 -24"><span class='ocrx_word' id='word_1_21' title='bbox 231 596 461 644; x_wconf 85' lang='lat' dir='ltr'><strong>Alterum</strong></span> <span class='ocrx_word' id='word_1_22' title='bbox 487 613 602 645; x_wconf 87' lang='lat' dir='ltr'><strong>vero</strong></span> <span class='ocrx_word' id='word_1_23' title='bbox 637 615 833 664; x_wconf 78' lang='lat' dir='ltr'><strong>semper</strong></span> <span class='ocrx_word' id='word_1_24' title='bbox 866 609 1123 649; x_wconf 88' lang='lat' dir='ltr'><strong>remaneat</strong></span> <span class='ocrx_word' id='word_1_25' title='bbox 1158 603 1287 666; x_wconf 87' lang='lat' dir='ltr'><strong>apud</strong></span> <span class='ocrx_word' id='word_1_26' title='bbox 1312 603 1413 651; x_wconf 87' lang='lat' dir='ltr'><strong>De-</strong></span> 
     </span>
     <span class='ocr_line' id='line_1_7' title="bbox 230 677 1409 745; baseline 0.008 -24"><span class='ocrx_word' id='word_1_27' title='bbox 230 682 458 738; x_wconf 84' lang='lat' dir='ltr'><strong>putatum</strong></span> <span class='ocrx_word' id='word_1_28' title='bbox 483 677 718 727; x_wconf 89' lang='lat' dir='ltr'><strong>Nostrum</strong></span> <span class='ocrx_word' id='word_1_29' title='bbox 753 680 1055 729; x_wconf 86' lang='lat' dir='ltr'><strong>Generalem</strong></span> <span class='ocrx_word' id='word_1_30' title='bbox 1081 684 1219 745; x_wconf 84' lang='lat' dir='ltr'><strong>regni</strong></span> <span class='ocrx_word' id='word_1_31' title='bbox 1245 683 1409 731; x_wconf 80' lang='lat' dir='ltr'><strong>Nostri</strong></span> 
     </span>
     <span class='ocr_line' id='line_1_8' title="bbox 233 755 1412 825; baseline 0.008 -24"><span class='ocrx_word' id='word_1_32' title='bbox 233 755 495 805; x_wconf 86' lang='lat' dir='ltr'><strong>Hiberniae.</strong></span> <span class='ocrx_word' id='word_1_33' title='bbox 569 760 795 808; x_wconf 88' lang='lat' dir='ltr'><strong>Tertium</strong></span> <span class='ocrx_word' id='word_1_34' title='bbox 843 762 1052 825; x_wconf 87' lang='lat' dir='ltr'><strong>denique</strong></span> <span class='ocrx_word' id='word_1_35' title='bbox 1098 764 1149 809; x_wconf 88' lang='lat' dir='ltr'><strong>in</strong></span> <span class='ocrx_word' id='word_1_36' title='bbox 1186 763 1412 810; x_wconf 84' lang='lat' dir='ltr'><strong>manibus</strong></span> 
     </span>
     <span class='ocr_line' id='line_1_9' title="bbox 231 835 1188 888; baseline 0.006 -6"><span class='ocrx_word' id='word_1_37' title='bbox 231 835 529 885; x_wconf 80' lang='lat' dir='ltr'><strong>Cancellarii</strong></span> <span class='ocrx_word' id='word_1_38' title='bbox 554 840 832 888; x_wconf 83' lang='lat' dir='ltr'><strong>Academiae</strong></span> <span class='ocrx_word' id='word_1_39' title='bbox 858 848 1188 888; x_wconf 84' lang='lat' dir='ltr'><strong>conservetur.</strong></span> 
     </span>
    </p>

    <p class='ocr_par' dir='ltr' id='par_1_3' title="bbox 227 917 1411 1135">
     <span class='ocr_line' id='line_1_10' title="bbox 298 917 1407 985; baseline 0.005 -21"><span class='ocrx_word' id='word_1_40' title='bbox 298 917 404 965; x_wconf 85' lang='lat' dir='ltr'><strong>Soli</strong></span> <span class='ocrx_word' id='word_1_41' title='bbox 423 928 591 967; x_wconf 88' lang='lat' dir='ltr'><strong>autem</strong></span> <span class='ocrx_word' id='word_1_42' title='bbox 616 920 833 985; x_wconf 83' lang='lat' dir='ltr'><strong>Sapienti</strong></span> <span class='ocrx_word' id='word_1_43' title='bbox 852 922 962 969; x_wconf 90' lang='lat' dir='ltr'><strong>Deo</strong></span> <span class='ocrx_word' id='word_1_44' title='bbox 983 922 1233 978; x_wconf 86' lang='lat' dir='ltr'><strong>Trin-uni,</strong></span> <span class='ocrx_word' id='word_1_45' title='bbox 1256 922 1407 979; x_wconf 87' lang='lat' dir='ltr'><strong>Patri,</strong></span> 
     </span>
     <span class='ocr_line' id='line_1_11' title="bbox 229 993 1411 1061; baseline 0.008 -20"><span class='ocrx_word' id='word_1_46' title='bbox 229 993 356 1043; x_wconf 88' lang='lat' dir='ltr'><strong>Filio</strong></span> <span class='ocrx_word' id='word_1_47' title='bbox 381 1003 429 1044; x_wconf 90' lang='lat' dir='ltr'><strong>et</strong></span> <span class='ocrx_word' id='word_1_48' title='bbox 459 997 667 1061; x_wconf 87' lang='lat' dir='ltr'><strong>Spiritui</strong></span> <span class='ocrx_word' id='word_1_49' title='bbox 700 999 897 1053; x_wconf 82' lang='lat' dir='ltr'><strong>Sancto,</strong></span> <span class='ocrx_word' id='word_1_50' title='bbox 922 1002 985 1048; x_wconf 90' lang='lat' dir='ltr'><strong>sit</strong></span> <span class='ocrx_word' id='word_1_51' title='bbox 1008 1001 1127 1057; x_wconf 88' lang='lat' dir='ltr'><strong>laus,</strong></span> <span class='ocrx_word' id='word_1_52' title='bbox 1164 1002 1334 1058; x_wconf 90' lang='lat' dir='ltr'><strong>honor,</strong></span> <span class='ocrx_word' id='word_1_53' title='bbox 1363 1010 1411 1049; x_wconf 88' lang='lat' dir='ltr'><strong>et</strong></span> 
     </span>
     <span class='ocr_line' id='line_1_12' title="bbox 227 1074 1231 1135; baseline 0.007 -14"><span class='ocrx_word' id='word_1_54' title='bbox 227 1074 382 1135; x_wconf 83' lang='lat' dir='ltr'><strong>gloria</strong></span> <span class='ocrx_word' id='word_1_55' title='bbox 407 1077 457 1125; x_wconf 87' lang='lat' dir='ltr'><strong>in</strong></span> <span class='ocrx_word' id='word_1_56' title='bbox 482 1078 659 1125; x_wconf 80' lang='lat' dir='ltr'><strong>saeeula</strong></span> <span class='ocrx_word' id='word_1_57' title='bbox 681 1080 982 1127; x_wconf 86' lang='lat' dir='ltr'><strong>saeoulorum.</strong></span> <span class='ocrx_word' id='word_1_58' title='bbox 1053 1082 1231 1129; x_wconf 87' lang='lat' dir='ltr'><strong>Amen.</strong></span> 
     </span>
    </p>
   </div>
   <div class='ocr_carea' id='block_1_3' title="bbox 219 1488 1406 2284">
    <p class='ocr_par' dir='ltr' id='par_1_4' title="bbox 219 1488 1406 2284">
     <span class='ocr_line' id='line_1_13' title="bbox 228 1488 1403 1558; baseline -0.002 -10"><span class='ocrx_word' id='word_1_59' title='bbox 228 1488 576 1548; x_wconf 76' lang='lat' dir='ltr'><strong>CAROLUs</strong></span> <span class='ocrx_word' id='word_1_60' title='bbox 590 1498 686 1546; x_wconf 69' lang='lat' dir='ltr'><strong>Dei</strong></span> <span class='ocrx_word' id='word_1_61' title='bbox 706 1497 882 1544; x_wconf 57' lang='lat' dir='ltr'><strong>Gratia</strong></span> <span class='ocrx_word' id='word_1_62' title='bbox 903 1497 1093 1558; x_wconf 81' lang='lat' dir='ltr'><strong>Magnae</strong></span> <span class='ocrx_word' id='word_1_63' title='bbox 1113 1496 1403 1554; x_wconf 64' lang='lat' dir='ltr'><strong>Britanniae,</strong></span> 
     </span>
     <span class='ocr_line' id='line_1_14' title="bbox 225 1578 1403 1636; baseline -0.003 -6"><span class='ocrx_word' id='word_1_64' title='bbox 225 1582 464 1636; x_wconf 83' lang='lat' dir='ltr'><strong>Franoiae‚</strong></span> <span class='ocrx_word' id='word_1_65' title='bbox 493 1586 542 1627; x_wconf 88' lang='lat' dir='ltr'><strong>et</strong></span> <span class='ocrx_word' id='word_1_66' title='bbox 562 1579 816 1626; x_wconf 70' lang='lat' dir='ltr'><strong>Hiberniae</strong></span> <span class='ocrx_word' id='word_1_67' title='bbox 841 1578 965 1631; x_wconf 85' lang='lat' dir='ltr'><strong>Rex,</strong></span> <span class='ocrx_word' id='word_1_68' title='bbox 987 1578 1125 1625; x_wconf 85' lang='lat' dir='ltr'><strong>Fidei</strong></span> <span class='ocrx_word' id='word_1_69' title='bbox 1145 1578 1403 1636; x_wconf 83' lang='lat' dir='ltr'><strong>Defensor,</strong></span> 
     </span>
     <span class='ocr_line' id='line_1_15' title="bbox 224 1657 1406 1722; baseline -0.003 -12"><span class='ocrx_word' id='word_1_70' title='bbox 224 1665 307 1710; x_wconf 72' lang='lat' dir='ltr'><strong>Sco.</strong></span> <span class='ocrx_word' id='word_1_71' title='bbox 352 1660 559 1709; x_wconf 86' lang='lat' dir='ltr'><strong>Dilectis</strong></span> <span class='ocrx_word' id='word_1_72' title='bbox 606 1659 892 1722; x_wconf 74' lang='lat' dir='ltr'><strong>Praeposito,</strong></span> <span class='ocrx_word' id='word_1_73' title='bbox 946 1657 1115 1711; x_wconf 85' lang='lat' dir='ltr'><strong>Sociis,</strong></span> <span class='ocrx_word' id='word_1_74' title='bbox 1157 1665 1206 1705; x_wconf 87' lang='lat' dir='ltr'><strong>et</strong></span> <span class='ocrx_word' id='word_1_75' title='bbox 1255 1658 1406 1706; x_wconf 79' lang='lat' dir='ltr'><strong>Scho-</strong></span> 
     </span>
     <span class='ocr_line' id='line_1_16' title="bbox 222 1737 1405 1801; baseline -0.003 -11"><span class='ocrx_word' id='word_1_76' title='bbox 222 1741 406 1790; x_wconf 87' lang='lat' dir='ltr'><strong>laribus</strong></span> <span class='ocrx_word' id='word_1_77' title='bbox 431 1739 642 1801; x_wconf 87' lang='lat' dir='ltr'><strong>Collegii</strong></span> <span class='ocrx_word' id='word_1_78' title='bbox 672 1744 854 1786; x_wconf 82' lang='lat' dir='ltr'><strong>sanotae</strong></span> <span class='ocrx_word' id='word_1_79' title='bbox 879 1744 928 1785; x_wconf 86' lang='lat' dir='ltr'><strong>et</strong></span> <span class='ocrx_word' id='word_1_80' title='bbox 952 1737 1217 1785; x_wconf 83' lang='lat' dir='ltr'><strong>individuae</strong></span> <span class='ocrx_word' id='word_1_81' title='bbox 1243 1738 1405 1786; x_wconf 90' lang='lat' dir='ltr'><strong>Trini-</strong></span> 
     </span>
     <span class='ocr_line' id='line_1_17' title="bbox 222 1818 1405 1884; baseline -0.005 -13"><span class='ocrx_word' id='word_1_82' title='bbox 222 1824 339 1871; x_wconf 81' lang='lat' dir='ltr'><strong>tatis</strong></span> <span class='ocrx_word' id='word_1_83' title='bbox 357 1819 501 1884; x_wconf 85' lang='lat' dir='ltr'><strong>juxta</strong></span> <span class='ocrx_word' id='word_1_84' title='bbox 523 1819 709 1867; x_wconf 89' lang='lat' dir='ltr'><strong>Dublin</strong></span> <span class='ocrx_word' id='word_1_85' title='bbox 730 1839 742 1878; x_wconf 90' lang='lat'>;</span> <span class='ocrx_word' id='word_1_86' title='bbox 769 1835 965 1867; x_wconf 87' lang='lat' dir='ltr'><strong>necnon</strong></span> <span class='ocrx_word' id='word_1_87' title='bbox 998 1818 1225 1866; x_wconf 88' lang='lat' dir='ltr'><strong>omnibus</strong></span> <span class='ocrx_word' id='word_1_88' title='bbox 1249 1820 1298 1865; x_wconf 89' lang='lat' dir='ltr'><strong>in</strong></span> <span class='ocrx_word' id='word_1_89' title='bbox 1322 1819 1405 1866; x_wconf 90' lang='lat' dir='ltr'><strong>ali-</strong></span> 
     </span>
     <span class='ocr_line' id='line_1_18' title="bbox 223 1897 1402 1965; baseline -0.003 -15"><span class='ocrx_word' id='word_1_90' title='bbox 223 1903 319 1965; x_wconf 72' lang='lat' dir='ltr'><strong>qua</strong></span> <span class='ocrx_word' id='word_1_91' title='bbox 333 1902 586 1964; x_wconf 81' lang='lat' dir='ltr'><strong>dignitate,</strong></span> <span class='ocrx_word' id='word_1_92' title='bbox 605 1906 690 1947; x_wconf 88' lang='lat' dir='ltr'><strong>aut</strong></span> <span class='ocrx_word' id='word_1_93' title='bbox 705 1900 881 1954; x_wconf 84' lang='lat' dir='ltr'><strong>officio,</strong></span> <span class='ocrx_word' id='word_1_94' title='bbox 901 1897 1079 1945; x_wconf 89' lang='lat' dir='ltr'><strong>ibidem</strong></span> <span class='ocrx_word' id='word_1_95' title='bbox 1098 1899 1402 1959; x_wconf 77' lang='lat' dir='ltr'><strong>constitutis3</strong></span> 
     </span>
     <span class='ocr_line' id='line_1_19' title="bbox 221 1978 1404 2042; baseline -0.002 -14"><span class='ocrx_word' id='word_1_96' title='bbox 221 1982 461 2029; x_wconf 89' lang='lat' dir='ltr'><strong>universis</strong></span> <span class='ocrx_word' id='word_1_97' title='bbox 485 1980 695 2042; x_wconf 87' lang='lat' dir='ltr'><strong>denique</strong></span> <span class='ocrx_word' id='word_1_98' title='bbox 722 1978 969 2033; x_wconf 86' lang='lat' dir='ltr'><strong>membris,</strong></span> <span class='ocrx_word' id='word_1_99' title='bbox 999 1985 1144 2040; x_wconf 87' lang='lat' dir='ltr'><strong>atque</strong></span> <span class='ocrx_word' id='word_1_100' title='bbox 1169 1980 1404 2026; x_wconf 83' lang='lat' dir='ltr'><strong>ministris</strong></span> 
     </span>
     <span class='ocr_line' id='line_1_20' title="bbox 222 2058 1401 2123; baseline -0.004 -15"><span class='ocrx_word' id='word_1_101' title='bbox 222 2061 340 2108; x_wconf 84' lang='lat' dir='ltr'><strong>dieti</strong></span> <span class='ocrx_word' id='word_1_102' title='bbox 366 2061 591 2123; x_wconf 82' lang='lat' dir='ltr'><strong>Collegii,</strong></span> <span class='ocrx_word' id='word_1_103' title='bbox 633 2059 867 2107; x_wconf 88' lang='lat' dir='ltr'><strong>Salutem.</strong></span> <span class='ocrx_word' id='word_1_104' title='bbox 939 2059 1038 2107; x_wconf 84' lang='lat' dir='ltr'><strong>Per</strong></span> <span class='ocrx_word' id='word_1_105' title='bbox 1062 2058 1270 2107; x_wconf 90' lang='lat' dir='ltr'><strong>Libellos</strong></span> <span class='ocrx_word' id='word_1_106' title='bbox 1294 2076 1401 2123; x_wconf 86' lang='lat' dir='ltr'><strong>sup-</strong></span> 
     </span>
     <span class='ocr_line' id='line_1_21' title="bbox 220 2139 1402 2204; baseline -0.002 -17"><span class='ocrx_word' id='word_1_107' title='bbox 220 2141 372 2204; x_wconf 80' lang='lat' dir='ltr'><strong>plices</strong></span> <span class='ocrx_word' id='word_1_108' title='bbox 406 2140 558 2187; x_wconf 86' lang='lat' dir='ltr'><strong>Nobis</strong></span> <span class='ocrx_word' id='word_1_109' title='bbox 592 2156 652 2188; x_wconf 85' lang='lat' dir='ltr'><strong>ex</strong></span> <span class='ocrx_word' id='word_1_110' title='bbox 686 2146 826 2204; x_wconf 83' lang='lat' dir='ltr'><strong>parte</strong></span> <span class='ocrx_word' id='word_1_111' title='bbox 857 2139 1063 2201; x_wconf 85' lang='lat' dir='ltr'><strong>Collegii</strong></span> <span class='ocrx_word' id='word_1_112' title='bbox 1096 2141 1241 2187; x_wconf 79' lang='lat' dir='ltr'><strong>vestri</strong></span> <span class='ocrx_word' id='word_1_113' title='bbox 1272 2139 1402 2186; x_wconf 84' lang='lat' dir='ltr'><strong>exbi-</strong></span> 
     </span>
     <span class='ocr_line' id='line_1_22' title="bbox 219 2219 1400 2284; baseline -0.002 -16"><span class='ocrx_word' id='word_1_114' title='bbox 219 2220 362 2276; x_wconf 89' lang='lat' dir='ltr'><strong>bitos,</strong></span> <span class='ocrx_word' id='word_1_115' title='bbox 390 2235 572 2284; x_wconf 88' lang='lat' dir='ltr'><strong>perque</strong></span> <span class='ocrx_word' id='word_1_116' title='bbox 597 2222 936 2268; x_wconf 87' lang='lat' dir='ltr'><strong>testimonium</strong></span> <span class='ocrx_word' id='word_1_117' title='bbox 955 2219 1206 2284; x_wconf 84' lang='lat' dir='ltr'><strong>perdileoti</strong></span> <span class='ocrx_word' id='word_1_118' title='bbox 1229 2226 1276 2267; x_wconf 86' lang='lat' dir='ltr'><strong>et</strong></span> <span class='ocrx_word' id='word_1_119' title='bbox 1294 2235 1400 2284; x_wconf 78' lang='lat' dir='ltr'><strong>per-</strong></span> 
     </span>
    </p>
   </div>
  </div>
 </body>
</html>
