1504 2501
783 148 844 198 98

227 276 433 324 Seniore
462 275 667 323 Decano
703 276 924 325 totidem.
996 276 1052 324 In
1086 277 1255 327 diebus
1292 295 1400 343 pro0

220 354 370 411 festis,
399 355 642 402 Volumus
666 357 813 403 etiam
839 372 1010 403 omnes
1038 356 1222 411 Socios,
1247 358 1398 406 Scho-

221 435 362 491 lares,
397 441 446 482 et
486 435 759 492 Studentes,
791 435 1031 499 precibus,
1059 436 1178 483 hora
1210 437 1398 484 decima

221 516 626 572 antemeridiana,
678 523 726 564 et
777 516 898 564 hora
955 517 1127 578 quarta
1189 518 1400 580 pomeri-

222 595 370 644 diana
405 598 655 660 (cessante
724 598 1077 661 impedimento
1156 598 1393 661 legitimo,

218 693 247 723 a
293 677 579 741 Praeposito,
629 683 714 724 aut
760 693 818 725 eo
877 677 1092 734 absente,
1149 678 1396 742 Viceprae=

218 757 392 819 posito,
418 756 493 804 vel
517 756 722 804 Decano
747 773 835 805 suo
867 758 1208 821 approbando)
1251 761 1398 808 inter„

218 852 336 893 esse,
378 837 466 884 sub
504 838 649 901 poena
683 839 832 885 trium
871 839 1185 886 denariorum
1230 840 1400 894 Sociis,

217 926 272 964 ut
296 934 473 981 supra3
503 919 660 974 unius,
688 918 887 980 reliquis
916 918 1239 967 Studentibus
1263 920 1398 968 adul-

216 999 278 1044 tis
297 998 686 1059 infligendorum.
742 998 979 1046 Precibus
1003 1015 1118 1046 vero
1143 1001 1397 1047 matutinis

217 1079 346 1125 circa
370 1079 543 1125 horam
568 1086 753 1126 sextam
777 1079 944 1126 adesse
970 1081 1193 1143 cupimus
1209 1096 1395 1137 omnes,

216 1166 265 1206 et
286 1166 340 1206 ut
359 1160 535 1220 adsint,
561 1161 831 1208 hortamur.
905 1160 1191 1223 Obligamus
1229 1169 1395 1209 tamen

215 1244 372 1290 solum
394 1244 754 1292 Baccalaureos
778 1245 991 1300 Artium,
1020 1252 1069 1293 et
1089 1246 1395 1308 nongradua-

214 1330 290 1369 tos
315 1339 485 1371 omnes
503 1344 515 1383 3
544 1331 593 1372 et
614 1324 889 1371 absentium
907 1340 1050 1388 poena
1069 1332 1172 1371 esto
1192 1325 1395 1372 arbitra-

214 1403 302 1450 ria.
374 1403 532 1450 Porro
558 1403 816 1459 Volumus,
849 1411 903 1450 ut
927 1419 1098 1450 omnes
1133 1403 1391 1467 Discipuli,

213 1481 524 1530 Pensionarii
551 1485 685 1539 item,
723 1500 779 1531 ac
820 1484 1067 1531 Sizatores
1104 1484 1329 1532 absentes
1367 1501 1395 1531 a

212 1563 438 1627 precibus
472 1564 641 1611 diebus
678 1565 969 1620 Dominicis,
1013 1564 1089 1612 vel
1130 1564 1278 1618 festis,
1317 1565 1391 1611 vel

213 1661 383 1692 eorum
402 1645 608 1707 Vigiliis,
629 1653 713 1692 aut
728 1653 841 1692 ante
862 1661 942 1692 eas
962 1645 1124 1691 finitas
1140 1652 1388 1701 exeuntes,

210 1727 304 1773 nisi
324 1727 466 1774 venia
490 1727 624 1792 prius
648 1726 816 1790 petita,
834 1727 874 1772 si
894 1725 1077 1773 fuerint
1101 1724 1253 1772 adulti
1275 1725 1393 1788 (hoc

213 1802 294 1854 est
311 1807 351 1853 si
376 1806 620 1854 decImum
643 1812 870 1853 octavum
897 1820 1082 1851 annum
1121 1803 1391 1867 compleve-

210 1886 334 1945 rint)
359 1886 538 1948 singuli
562 1885 751 1933 duobus
783 1885 1009 1939 denariis,
1050 1883 1188 1930 tarde
1227 1889 1390 1930 autem

208 1966 462 2012 venientes
487 1965 630 2013 obolo
657 1965 971 2012 mulctentur.
1014 1962 1063 2010 Si
1087 1969 1250 2010 autem
1277 1978 1390 2010 eum

210 2046 366 2091 aetatis
391 2061 593 2101 annum,
621 2061 765 2107 quem
792 2045 1019 2099 diximus,
1046 2059 1147 2090 non
1171 2042 1390 2090 confece-

213 2124 327 2179 rint,
373 2125 423 2170 in
470 2124 599 2172 Aula
647 2126 725 2172 die
774 2125 997 2179 VeneriS,
1048 2123 1166 2170 hora
1214 2121 1385 2184 quinta

214 2203 568 2268 pomeridiana,
596 2221 684 2269 pro
710 2204 912 2252 arbitrio
936 2203 1144 2258 Decani,
1172 2209 1273 2249 tam
1299 2217 1389 2264 pro
