<?xml version="1.0" encoding="UTF-8"?>
<!DOCTYPE html PUBLIC "-//W3C//DTD XHTML 1.0 Transitional//EN"
    "http://www.w3.org/TR/xhtml1/DTD/xhtml1-transitional.dtd">
<html xmlns="http://www.w3.org/1999/xhtml" xml:lang="en" lang="en">
 <head>
  <title>
</title>
<meta http-equiv="Content-Type" content="text/html;charset=utf-8" />
  <meta name='ocr-system' content='tesseract 3.04.00' />
  <meta name='ocr-capabilities' content='ocr_page ocr_carea ocr_par ocr_line ocrx_word'/>
</head>
<body>
  <div class='ocr_page' id='page_1' title='image "./chartaeetstatuta00trinuoft_0031.png"; bbox 0 0 1458 2455; ppageno 0'>
   <div class='ocr_carea' id='block_1_1' title="bbox 668 167 724 211">
    <p class='ocr_par' dir='ltr' id='par_1_1' title="bbox 668 167 724 211">
     <span class='ocr_line' id='line_1_1' title="bbox 668 167 724 211; baseline 0 0"><span class='ocrx_word' id='word_1_1' title='bbox 668 167 724 211; x_wconf 83' lang='lat'>15</span> 
     </span>
    </p>
   </div>
   <div class='ocr_carea' id='block_1_2' title="bbox 99 296 1283 2292">
    <p class='ocr_par' dir='ltr' id='par_1_2' title="bbox 99 296 1283 2292">
     <span class='ocr_line' id='line_1_2' title="bbox 104 296 1278 358; baseline 0.003 -12"><span class='ocrx_word' id='word_1_2' title='bbox 104 301 181 358; x_wconf 87' lang='lat' dir='ltr'>rit,</span> <span class='ocrx_word' id='word_1_3' title='bbox 206 297 500 355; x_wconf 77' lang='lat' dir='ltr'><strong>fundaverit,</strong></span> <span class='ocrx_word' id='word_1_4' title='bbox 527 303 576 344; x_wconf 89' lang='lat' dir='ltr'>et</span> <span class='ocrx_word' id='word_1_5' title='bbox 611 296 901 345; x_wconf 80' lang='lat' dir='ltr'>stabiliverit</span> <span class='ocrx_word' id='word_1_6' title='bbox 935 314 1092 347; x_wconf 90' lang='lat' dir='ltr'>unum</span> <span class='ocrx_word' id='word_1_7' title='bbox 1114 300 1278 349; x_wconf 85' lang='lat' dir='ltr'>Colle-</span> 
     </span>
     <span class='ocr_line' id='line_1_3' title="bbox 101 378 1279 442; baseline 0.005 -17"><span class='ocrx_word' id='word_1_8' title='bbox 101 380 232 442; x_wconf 85' lang='lat' dir='ltr'>gium</span> <span class='ocrx_word' id='word_1_9' title='bbox 250 385 459 426; x_wconf 90' lang='lat' dir='ltr'>matrem</span> <span class='ocrx_word' id='word_1_10' title='bbox 478 378 841 435; x_wconf 85' lang='lat' dir='ltr'>Universitatis,</span> <span class='ocrx_word' id='word_1_11' title='bbox 865 381 914 426; x_wconf 91' lang='lat' dir='ltr'>in</span> <span class='ocrx_word' id='word_1_12' title='bbox 933 381 1146 442; x_wconf 89' lang='lat' dir='ltr'>quodam</span> <span class='ocrx_word' id='word_1_13' title='bbox 1170 381 1279 430; x_wconf 85' lang='lat' dir='ltr'>loco</span> 
     </span>
     <span class='ocr_line' id='line_1_4' title="bbox 101 458 1281 526; baseline 0.003 -18"><span class='ocrx_word' id='word_1_14' title='bbox 101 466 274 508; x_wconf 86' lang='lat' dir='ltr'>vocato</span> <span class='ocrx_word' id='word_1_15' title='bbox 289 460 577 507; x_wconf 87' lang='lat' dir='ltr'>Allhallows</span> <span class='ocrx_word' id='word_1_16' title='bbox 595 458 740 522; x_wconf 84' lang='lat' dir='ltr'>juxta</span> <span class='ocrx_word' id='word_1_17' title='bbox 755 460 957 517; x_wconf 90' lang='lat' dir='ltr'>Dublin,</span> <span class='ocrx_word' id='word_1_18' title='bbox 985 478 1074 526; x_wconf 88' lang='lat' dir='ltr'>per</span> <span class='ocrx_word' id='word_1_19' title='bbox 1096 479 1281 511; x_wconf 89' lang='lat' dir='ltr'>nomen</span> 
     </span>
     <span class='ocr_line' id='line_1_5' title="bbox 100 541 1281 606; baseline 0.002 -18"><span class='ocrx_word' id='word_1_20' title='bbox 100 542 371 606; x_wconf 71' lang='lat' dir='ltr'>Praepositi,</span> <span class='ocrx_word' id='word_1_21' title='bbox 417 541 693 596; x_wconf 77' lang='lat' dir='ltr'>Sociorum,</span> <span class='ocrx_word' id='word_1_22' title='bbox 731 549 780 589; x_wconf 92' lang='lat' dir='ltr'>et</span> <span class='ocrx_word' id='word_1_23' title='bbox 819 542 1130 590; x_wconf 83' lang='lat' dir='ltr'>Scholarium</span> <span class='ocrx_word' id='word_1_24' title='bbox 1167 544 1281 592; x_wconf 93' lang='lat' dir='ltr'>Col-</span> 
     </span>
     <span class='ocr_line' id='line_1_6' title="bbox 99 622 1281 685; baseline 0.001 -16"><span class='ocrx_word' id='word_1_25' title='bbox 99 622 214 685; x_wconf 83' lang='lat' dir='ltr'>legii</span> <span class='ocrx_word' id='word_1_26' title='bbox 252 627 429 669; x_wconf 83' lang='lat' dir='ltr'>sanotae</span> <span class='ocrx_word' id='word_1_27' title='bbox 472 628 521 669; x_wconf 92' lang='lat' dir='ltr'>et</span> <span class='ocrx_word' id='word_1_28' title='bbox 561 622 822 669; x_wconf 78' lang='lat' dir='ltr'>individuae</span> <span class='ocrx_word' id='word_1_29' title='bbox 869 622 1134 670; x_wconf 78' lang='lat' dir='ltr'>Trinitatis</span> <span class='ocrx_word' id='word_1_30' title='bbox 1180 623 1281 670; x_wconf 88' lang='lat' dir='ltr'>Eli-</span> 
     </span>
     <span class='ocr_line' id='line_1_7' title="bbox 102 699 1279 765; baseline 0 -15"><span class='ocrx_word' id='word_1_31' title='bbox 102 702 315 750; x_wconf 87' lang='lat' dir='ltr'>zabethae</span> <span class='ocrx_word' id='word_1_32' title='bbox 330 701 530 763; x_wconf 80' lang='lat' dir='ltr'>Reginae</span> <span class='ocrx_word' id='word_1_33' title='bbox 536 699 682 763; x_wconf 84' lang='lat' dir='ltr'>juxta</span> <span class='ocrx_word' id='word_1_34' title='bbox 696 701 908 760; x_wconf 89' lang='lat' dir='ltr'>Dublin;</span> <span class='ocrx_word' id='word_1_35' title='bbox 932 703 1062 764; x_wconf 88' lang='lat' dir='ltr'>quod</span> <span class='ocrx_word' id='word_1_36' title='bbox 1082 703 1279 765; x_wconf 89' lang='lat' dir='ltr'>quidem</span> 
     </span>
     <span class='ocr_line' id='line_1_8' title="bbox 101 779 1282 844; baseline 0.001 -16"><span class='ocrx_word' id='word_1_37' title='bbox 101 780 377 843; x_wconf 80' lang='lat' dir='ltr'>Collegium</span> <span class='ocrx_word' id='word_1_38' title='bbox 415 782 484 827; x_wconf 86' lang='lat' dir='ltr'>sic</span> <span class='ocrx_word' id='word_1_39' title='bbox 518 779 746 844; x_wconf 76' lang='lat' dir='ltr'>primitus</span> <span class='ocrx_word' id='word_1_40' title='bbox 782 780 1043 828; x_wconf 86' lang='lat' dir='ltr'>fundatum</span> <span class='ocrx_word' id='word_1_41' title='bbox 1080 782 1282 829; x_wconf 83' lang='lat' dir='ltr'>diversis</span> 
     </span>
     <span class='ocr_line' id='line_1_9' title="bbox 101 861 1278 925; baseline 0.003 -18"><span class='ocrx_word' id='word_1_42' title='bbox 101 861 276 925; x_wconf 84' lang='lat' dir='ltr'>amplis</span> <span class='ocrx_word' id='word_1_43' title='bbox 332 867 380 908; x_wconf 89' lang='lat' dir='ltr'>et</span> <span class='ocrx_word' id='word_1_44' title='bbox 432 862 905 909; x_wconf 83' lang='lat' dir='ltr'>munificentissimis</span> <span class='ocrx_word' id='word_1_45' title='bbox 956 863 1278 920; x_wconf 81' lang='lat' dir='ltr'>libertatibus,</span> 
     </span>
     <span class='ocr_line' id='line_1_10' title="bbox 100 939 1282 1006; baseline 0.005 -21"><span class='ocrx_word' id='word_1_46' title='bbox 100 940 380 1003; x_wconf 88' lang='lat' dir='ltr'>privilegiis,</span> <span class='ocrx_word' id='word_1_47' title='bbox 398 939 638 996; x_wconf 78' lang='lat' dir='ltr'>censibUS,</span> <span class='ocrx_word' id='word_1_48' title='bbox 656 942 1090 999; x_wconf 88' lang='lat' dir='ltr'>revenditionibus,</span> <span class='ocrx_word' id='word_1_49' title='bbox 1111 950 1160 991; x_wconf 90' lang='lat' dir='ltr'>et</span> <span class='ocrx_word' id='word_1_50' title='bbox 1174 959 1282 1006; x_wconf 85' lang='lat' dir='ltr'>pos·</span> 
     </span>
     <span class='ocr_line' id='line_1_11' title="bbox 101 1018 1281 1083; baseline 0.005 -19"><span class='ocrx_word' id='word_1_51' title='bbox 101 1018 408 1075; x_wconf 87' lang='lat' dir='ltr'>sessionibus,</span> <span class='ocrx_word' id='word_1_52' title='bbox 434 1026 536 1066; x_wconf 88' lang='lat' dir='ltr'>tam</span> <span class='ocrx_word' id='word_1_53' title='bbox 558 1035 617 1066; x_wconf 83' lang='lat' dir='ltr'>ex</span> <span class='ocrx_word' id='word_1_54' title='bbox 642 1019 771 1067; x_wconf 91' lang='lat' dir='ltr'>dono</span> <span class='ocrx_word' id='word_1_55' title='bbox 785 1027 954 1068; x_wconf 89' lang='lat' dir='ltr'>nostro</span> <span class='ocrx_word' id='word_1_56' title='bbox 978 1021 1123 1083; x_wconf 76' lang='lat' dir='ltr'>quam</span> <span class='ocrx_word' id='word_1_57' title='bbox 1145 1022 1281 1070; x_wconf 83' lang='lat' dir='ltr'>dictae</span> 
     </span>
     <span class='ocr_line' id='line_1_12' title="bbox 100 1098 1280 1160; baseline 0.006 -17"><span class='ocrx_word' id='word_1_58' title='bbox 100 1099 280 1144; x_wconf 85' lang='lat' dir='ltr'>sororis</span> <span class='ocrx_word' id='word_1_59' title='bbox 303 1104 478 1145; x_wconf 87' lang='lat' dir='ltr'>nostrae</span> <span class='ocrx_word' id='word_1_60' title='bbox 498 1098 698 1160; x_wconf 75' lang='lat' dir='ltr'>Reginae</span> <span class='ocrx_word' id='word_1_61' title='bbox 724 1100 1037 1157; x_wconf 85' lang='lat' dir='ltr'>Elizabethae‚</span> <span class='ocrx_word' id='word_1_62' title='bbox 1057 1101 1280 1150; x_wconf 86' lang='lat' dir='ltr'>dotatum</span> 
     </span>
     <span class='ocr_line' id='line_1_13' title="bbox 102 1178 1281 1243; baseline 0.005 -18"><span class='ocrx_word' id='word_1_63' title='bbox 102 1179 278 1233; x_wconf 85' lang='lat' dir='ltr'>existit,</span> <span class='ocrx_word' id='word_1_64' title='bbox 305 1178 366 1225; x_wconf 88' lang='lat' dir='ltr'>ad</span> <span class='ocrx_word' id='word_1_65' title='bbox 391 1180 672 1243; x_wconf 73' lang='lat' dir='ltr'>exemplum</span> <span class='ocrx_word' id='word_1_66' title='bbox 694 1181 1077 1229; x_wconf 82' lang='lat' dir='ltr'>Academiarum</span> <span class='ocrx_word' id='word_1_67' title='bbox 1096 1191 1281 1231; x_wconf 86' lang='lat' dir='ltr'>nostra-</span> 
     </span>
     <span class='ocr_line' id='line_1_14' title="bbox 101 1256 1282 1324; baseline 0.005 -21"><span class='ocrx_word' id='word_1_68' title='bbox 101 1273 208 1304; x_wconf 89' lang='lat' dir='ltr'>rum</span> <span class='ocrx_word' id='word_1_69' title='bbox 228 1256 525 1306; x_wconf 83' lang='lat' dir='ltr'>Oxoniensis</span> <span class='ocrx_word' id='word_1_70' title='bbox 540 1266 589 1306; x_wconf 89' lang='lat' dir='ltr'>et</span> <span class='ocrx_word' id='word_1_71' title='bbox 605 1259 1042 1322; x_wconf 84' lang='lat' dir='ltr'>Cantabrigiensis,</span> <span class='ocrx_word' id='word_1_72' title='bbox 1065 1263 1114 1307; x_wconf 90' lang='lat' dir='ltr'>in</span> <span class='ocrx_word' id='word_1_73' title='bbox 1130 1278 1282 1324; x_wconf 87' lang='lat' dir='ltr'>regno</span> 
     </span>
     <span class='ocr_line' id='line_1_15' title="bbox 101 1338 1283 1405; baseline 0.003 -20"><span class='ocrx_word' id='word_1_74' title='bbox 101 1345 268 1386; x_wconf 87' lang='lat' dir='ltr'>nostro</span> <span class='ocrx_word' id='word_1_75' title='bbox 297 1338 499 1401; x_wconf 78' lang='lat' dir='ltr'>Angliae,</span> <span class='ocrx_word' id='word_1_76' title='bbox 529 1347 676 1404; x_wconf 89' lang='lat' dir='ltr'>prout</span> <span class='ocrx_word' id='word_1_77' title='bbox 709 1357 798 1404; x_wconf 85' lang='lat' dir='ltr'>per</span> <span class='ocrx_word' id='word_1_78' title='bbox 832 1348 1082 1405; x_wconf 86' lang='lat' dir='ltr'>separatas</span> <span class='ocrx_word' id='word_1_79' title='bbox 1116 1342 1283 1389; x_wconf 85' lang='lat' dir='ltr'>literas</span> 
     </span>
     <span class='ocr_line' id='line_1_16' title="bbox 100 1421 1283 1485; baseline 0.001 -18"><span class='ocrx_word' id='word_1_80' title='bbox 100 1427 325 1484; x_wconf 84' lang='lat' dir='ltr'>patentes</span> <span class='ocrx_word' id='word_1_81' title='bbox 353 1421 452 1467; x_wconf 85' lang='lat' dir='ltr'>sive</span> <span class='ocrx_word' id='word_1_82' title='bbox 481 1422 837 1477; x_wconf 81' lang='lat' dir='ltr'>concessiones,</span> <span class='ocrx_word' id='word_1_83' title='bbox 869 1437 958 1485; x_wconf 88' lang='lat' dir='ltr'>per</span> <span class='ocrx_word' id='word_1_84' title='bbox 981 1437 1071 1468; x_wconf 89' lang='lat' dir='ltr'>nos</span> <span class='ocrx_word' id='word_1_85' title='bbox 1096 1430 1145 1468; x_wconf 88' lang='lat' dir='ltr'>et</span> <span class='ocrx_word' id='word_1_86' title='bbox 1168 1438 1283 1485; x_wconf 87' lang='lat' dir='ltr'>prae-</span> 
     </span>
     <span class='ocr_line' id='line_1_17' title="bbox 101 1500 1282 1565; baseline 0 -17"><span class='ocrx_word' id='word_1_87' title='bbox 101 1501 251 1548; x_wconf 87' lang='lat' dir='ltr'>fatam</span> <span class='ocrx_word' id='word_1_88' title='bbox 295 1517 455 1565; x_wconf 85' lang='lat' dir='ltr'>nuper</span> <span class='ocrx_word' id='word_1_89' title='bbox 497 1500 737 1562; x_wconf 80' lang='lat' dir='ltr'>Reginam</span> <span class='ocrx_word' id='word_1_90' title='bbox 781 1501 1124 1548; x_wconf 83' lang='lat' dir='ltr'>Elizabetham</span> <span class='ocrx_word' id='word_1_91' title='bbox 1168 1501 1282 1548; x_wconf 85' lang='lat' dir='ltr'>inde</span> 
     </span>
     <span class='ocr_line' id='line_1_18' title="bbox 100 1579 1283 1646; baseline 0.001 -18"><span class='ocrx_word' id='word_1_92' title='bbox 100 1582 257 1629; x_wconf 81' lang='lat' dir='ltr'>factas</span> <span class='ocrx_word' id='word_1_93' title='bbox 288 1579 482 1645; x_wconf 67' lang='lat' dir='ltr'>plenius</span> <span class='ocrx_word' id='word_1_94' title='bbox 515 1581 669 1642; x_wconf 86' lang='lat' dir='ltr'>liquet</span> <span class='ocrx_word' id='word_1_95' title='bbox 701 1589 749 1629; x_wconf 87' lang='lat' dir='ltr'>et</span> <span class='ocrx_word' id='word_1_96' title='bbox 778 1589 1012 1646; x_wconf 81' lang='lat' dir='ltr'>apparet3</span> <span class='ocrx_word' id='word_1_97' title='bbox 1055 1583 1283 1644; x_wconf 88' lang='lat' dir='ltr'>Cumque</span> 
     </span>
     <span class='ocr_line' id='line_1_19' title="bbox 102 1661 1283 1724; baseline 0.002 -17"><span class='ocrx_word' id='word_1_98' title='bbox 102 1661 286 1708; x_wconf 84' lang='lat' dir='ltr'>dictum</span> <span class='ocrx_word' id='word_1_99' title='bbox 314 1662 590 1724; x_wconf 81' lang='lat' dir='ltr'>Collegium</span> <span class='ocrx_word' id='word_1_100' title='bbox 617 1664 679 1710; x_wconf 91' lang='lat' dir='ltr'>sit</span> <span class='ocrx_word' id='word_1_101' title='bbox 704 1669 752 1709; x_wconf 89' lang='lat' dir='ltr'>et</span> <span class='ocrx_word' id='word_1_102' title='bbox 776 1662 1017 1709; x_wconf 83' lang='lat' dir='ltr'>habeatur</span> <span class='ocrx_word' id='word_1_103' title='bbox 1034 1662 1283 1710; x_wconf 88' lang='lat' dir='ltr'>Universi-</span> 
     </span>
     <span class='ocr_line' id='line_1_20' title="bbox 102 1742 1282 1804; baseline 0.003 -18"><span class='ocrx_word' id='word_1_104' title='bbox 102 1747 190 1796; x_wconf 86' lang='lat' dir='ltr'>tas,</span> <span class='ocrx_word' id='word_1_105' title='bbox 222 1757 279 1788; x_wconf 85' lang='lat' dir='ltr'>ac</span> <span class='ocrx_word' id='word_1_106' title='bbox 310 1742 504 1796; x_wconf 88' lang='lat' dir='ltr'>habeat,</span> <span class='ocrx_word' id='word_1_107' title='bbox 534 1743 759 1804; x_wconf 83' lang='lat' dir='ltr'>gaudeat,</span> <span class='ocrx_word' id='word_1_108' title='bbox 789 1750 837 1790; x_wconf 93' lang='lat' dir='ltr'>et</span> <span class='ocrx_word' id='word_1_109' title='bbox 862 1750 1031 1790; x_wconf 88' lang='lat' dir='ltr'>utatur</span> <span class='ocrx_word' id='word_1_110' title='bbox 1055 1744 1282 1790; x_wconf 89' lang='lat' dir='ltr'>omnibus</span> 
     </span>
     <span class='ocr_line' id='line_1_21' title="bbox 104 1821 1280 1884; baseline 0.003 -18"><span class='ocrx_word' id='word_1_111' title='bbox 104 1828 153 1866; x_wconf 88' lang='lat' dir='ltr'>et</span> <span class='ocrx_word' id='word_1_112' title='bbox 187 1821 388 1882; x_wconf 84' lang='lat' dir='ltr'>singulis</span> <span class='ocrx_word' id='word_1_113' title='bbox 423 1822 743 1877; x_wconf 83' lang='lat' dir='ltr'>libertatibus,</span> <span class='ocrx_word' id='word_1_114' title='bbox 790 1822 1069 1884; x_wconf 80' lang='lat' dir='ltr'>privilegiis,</span> <span class='ocrx_word' id='word_1_115' title='bbox 1110 1829 1158 1869; x_wconf 90' lang='lat' dir='ltr'>et</span> <span class='ocrx_word' id='word_1_116' title='bbox 1194 1824 1280 1869; x_wconf 88' lang='lat' dir='ltr'>im-</span> 
     </span>
     <span class='ocr_line' id='line_1_22' title="bbox 104 1901 1282 1950; baseline 0.003 -4"><span class='ocrx_word' id='word_1_117' title='bbox 104 1901 428 1949; x_wconf 88' lang='lat' dir='ltr'>munitatibus</span> <span class='ocrx_word' id='word_1_118' title='bbox 465 1904 526 1950; x_wconf 86' lang='lat' dir='ltr'>ad</span> <span class='ocrx_word' id='word_1_119' title='bbox 574 1903 960 1950; x_wconf 83' lang='lat' dir='ltr'>Universitatem</span> <span class='ocrx_word' id='word_1_120' title='bbox 1011 1903 1110 1949; x_wconf 87' lang='lat' dir='ltr'>sive</span> <span class='ocrx_word' id='word_1_121' title='bbox 1157 1903 1282 1950; x_wconf 81' lang='lat' dir='ltr'>Aca-</span> 
     </span>
     <span class='ocr_line' id='line_1_23' title="bbox 103 1980 1279 2046; baseline 0.003 -19"><span class='ocrx_word' id='word_1_122' title='bbox 103 1980 317 2027; x_wconf 86' lang='lat' dir='ltr'>demiam</span> <span class='ocrx_word' id='word_1_123' title='bbox 357 1983 715 2046; x_wconf 86' lang='lat' dir='ltr'>pertinentibus</span> <span class='ocrx_word' id='word_1_124' title='bbox 762 1983 860 2029; x_wconf 86' lang='lat' dir='ltr'>sive</span> <span class='ocrx_word' id='word_1_125' title='bbox 907 1982 1279 2046; x_wconf 82' lang='lat' dir='ltr'>spectantibus3</span> 
     </span>
     <span class='ocr_line' id='line_1_24' title="bbox 105 2063 1280 2125; baseline 0.004 -16"><span class='ocrx_word' id='word_1_126' title='bbox 105 2063 517 2125; x_wconf 82' lang='lat' dir='ltr'>Quandoquidem</span> <span class='ocrx_word' id='word_1_127' title='bbox 544 2067 593 2111; x_wconf 89' lang='lat' dir='ltr'>in</span> <span class='ocrx_word' id='word_1_128' title='bbox 621 2065 968 2113; x_wconf 86' lang='lat' dir='ltr'>Parliamentis</span> <span class='ocrx_word' id='word_1_129' title='bbox 986 2067 1212 2114; x_wconf 89' lang='lat' dir='ltr'>tenendis</span> <span class='ocrx_word' id='word_1_130' title='bbox 1232 2069 1280 2115; x_wconf 93' lang='lat' dir='ltr'>in</span> 
     </span>
     <span class='ocr_line' id='line_1_25' title="bbox 105 2144 1280 2207; baseline 0.006 -17"><span class='ocrx_word' id='word_1_131' title='bbox 105 2144 235 2191; x_wconf 84' lang='lat' dir='ltr'>dioto</span> <span class='ocrx_word' id='word_1_132' title='bbox 268 2160 419 2207; x_wconf 89' lang='lat' dir='ltr'>regno</span> <span class='ocrx_word' id='word_1_133' title='bbox 448 2153 616 2194; x_wconf 82' lang='lat' dir='ltr'>nostro</span> <span class='ocrx_word' id='word_1_134' title='bbox 651 2146 898 2194; x_wconf 78' lang='lat' dir='ltr'>Hiberniae</span> <span class='ocrx_word' id='word_1_135' title='bbox 931 2148 1107 2195; x_wconf 87' lang='lat' dir='ltr'>diversi</span> <span class='ocrx_word' id='word_1_136' title='bbox 1143 2157 1280 2197; x_wconf 83' lang='lat' dir='ltr'>aetus</span> 
     </span>
     <span class='ocr_line' id='line_1_26' title="bbox 105 2226 1281 2292; baseline 0.007 -22"><span class='ocrx_word' id='word_1_137' title='bbox 105 2226 204 2271; x_wconf 86' lang='lat' dir='ltr'>sive</span> <span class='ocrx_word' id='word_1_138' title='bbox 234 2231 417 2273; x_wconf 90' lang='lat' dir='ltr'>statuta</span> <span class='ocrx_word' id='word_1_139' title='bbox 452 2228 659 2291; x_wconf 82' lang='lat' dir='ltr'>proponi</span> <span class='ocrx_word' id='word_1_140' title='bbox 698 2234 746 2274; x_wconf 87' lang='lat' dir='ltr'>et</span> <span class='ocrx_word' id='word_1_141' title='bbox 782 2229 1028 2275; x_wconf 82' lang='lat' dir='ltr'>inactitari</span> <span class='ocrx_word' id='word_1_142' title='bbox 1063 2231 1281 2292; x_wconf 82' lang='lat' dir='ltr'>poterint</span> 
     </span>
    </p>
   </div>
  </div>
 </body>
</html>
