1458 2455
622 149 712 192 113

82 282 392 346 PraepositUS,
425 279 507 341 qui
539 276 849 325 Scholarium
879 274 1059 321 mensis
1083 273 1250 319 minis-

78 369 221 409 trent.

143 441 340 488 Nemini
377 445 514 486 extra
547 437 727 484 Aulam
763 435 1025 500 prandenti
1062 447 1253 481 coenan=

78 522 189 575 tive,
223 519 487 566 Bursarius
524 517 830 564 communias
862 512 1132 567 concedito,
1160 511 1254 557 nisi

79 600 365 655 constiterit,
404 600 449 645 ei
489 598 683 644 veniam
724 592 999 658 prandendi
1038 597 1128 640 aut,
1164 605 1255 636 coe--

78 680 228 727 nandi
264 686 402 727 extra
440 678 621 725 Aulam
658 692 687 723 a.
722 675 988 738 Praeposito
1031 679 1116 719 aut
1151 670 1256 733 ejus

78 762 240 808 locum
266 765 466 808 tenente
502 773 800 806 concessam.
873 754 1021 810 Quod
1045 755 1084 800 si
1109 754 1257 799 ratio-

80 856 141 887 ne
167 840 440 887 absentium
462 853 521 885 ex
541 836 672 884 Aula
695 836 858 898 aliqua
880 833 1069 882 fercula
1091 847 1258 895 super-

80 926 239 975 erunt,
278 919 338 966 de
372 919 430 964 iis
465 918 515 964 in
550 932 694 964 usum
735 916 917 963 mensis
956 914 1254 966 Sizatorum,

81 1006 166 1046 aut
200 999 409 1045 aliorum
455 1012 727 1061 pauperum
770 1010 859 1058 pro
895 992 1134 1040 arbitratu
1169 1005 1258 1037 suo

80 1079 343 1126 Bursarius
395 1077 656 1141 disponito.
740 1076 983 1122 Praeterea
1035 1071 1260 1118 Bursarii

81 1175 184 1207 esse
220 1158 463 1205 Volumus
498 1156 792 1220 prospicere,
826 1169 888 1201 ne
925 1151 1041 1214 quid
1075 1152 1260 1198 incom-

80 1238 213 1286 modi
250 1237 311 1285 ad
358 1237 633 1298 Collegium
681 1232 936 1288 redundet,
976 1247 1002 1279 e
1037 1229 1263 1292 neglecta

81 1318 418 1366 observatione
466 1331 652 1370 eorum,
691 1314 865 1376 quibus
901 1312 1068 1359 abesse-
1093 1326 1122 1357 a
1147 1309 1262 1357 Col-

81 1399 209 1461 legio
235 1398 296 1445 ad
315 1404 509 1460 tempus
533 1410 821 1443 concessum
847 1400 949 1451 est,
978 1396 1064 1438 aut
1087 1389 1262 1453 quibus

81 1478 273 1524 ratione
309 1476 474 1524 delicti
510 1474 759 1522 ordinaria
794 1473 934 1520 diaeta
961 1469 1264 1533 judicialiter

85 1560 145 1607 ad
168 1567 362 1621 tempus
386 1555 636 1603 subtracta
661 1559 750 1600 est.
818 1552 894 1599 Ac
918 1549 1124 1615 proinde
1148 1564 1264 1612 prae-

85 1641 308 1703 cipimus,
335 1644 390 1684 ut
414 1635 781 1699 quamprimum
807 1631 1076 1696 provideat,
1100 1644 1164 1675 ne
1184 1627 1265 1673 ab·

87 1719 227 1773 senti,
261 1723 347 1764 aut
378 1714 660 1778 hujusmodi
695 1728 954 1761 censuram
985 1709 1261 1763 sustinenti,

87 1800 347 1861 quicquam
372 1813 431 1844 ex
450 1795 708 1844 ordinariis
732 1794 878 1840 diaetae
904 1791 1128 1855 expensis
1149 1788 1265 1836 allo-

85 1885 237 1926 cetur.
309 1877 382 1924 Ac
421 1892 484 1924 ne
520 1875 636 1938 quid
669 1873 960 1921 Bursarium
994 1871 1146 1918 lateat
1172 1869 1268 1916 hac

87 1960 139 2004 in
174 1972 243 2013 re,
286 1955 545 2010 VolumUS,
572 1959 628 2000 ut
651 1959 752 1999 tam
798 1953 832 1998 ii
874 1951 957 2013 qui
1002 1948 1267 2013 impetrat-<⁴1

87 2037 245 2093 venia,
271 2034 474 2100 peregre
499 2033 887 2098 proficiscuntur,
921 2044 1068 2092 quam
1099 2029 1149 2084 ii,
1184 2028 1267 2089 qui

89 2117 483 2164 communiarum
516 2113 755 2161 beneficio
797 2125 1076 2173 quenquam
1108 2108 1267 2173 priva-

90 2206 218 2256 runt,
266 2199 325 2247 de
371 2214 430 2247 eo
475 2196 766 2245 Bursarium
813 2193 1127 2248 admoneant,
1177 2189 1266 2237 sub
