1504 2501
767 178 855 226 172

216 314 277 361 ad
310 318 574 373 utrumque
606 307 810 371 gradum
845 306 1115 370 respective
1147 304 1394 366 requisita,

212 392 348 455 prius
384 388 694 453 praestite1·it;
732 400 950 432 summas
992 385 1140 431 etiam
1178 383 1397 447 pecuniae

209 487 299 535 pro
324 476 533 531 utroque
558 466 709 530 gradu
735 465 937 521 debitas,
966 464 1157 526 aliaque
1183 477 1391 509 munera

210 567 301 615 pro
326 565 479 605 more,
507 547 762 608 unicuiqui
786 545 1033 608 sigillatim
1058 541 1361 608 persolverit.

294 631 578 692 Antequam
634 627 808 690 aliquis
854 625 916 673 ad
961 623 1297 689 incipiendum
1346 624 1395 669 in

213 711 488 773 Theologia
522 709 670 756 fuerit
701 707 956 762 admissus,
1000 705 1179 753 Latine
1215 711 1292 752 ter
1322 719 1394 750 so-

210 790 578 852 lenniterlegat‚
590 794 639 835 et
653 787 980 850 quodcunque
995 785 1112 833 velit
1120 782 1224 846 subj
1232 791 1395 831 ectum

212 870 491 921 accuratius
515 875 707 917 tractet.
760 867 899 914 Duas
917 864 1098 913 habeat
1116 865 1392 919 conciones,

210 967 363 999 unam
390 950 570 998 Latine
602 947 664 995 ad
689 947 892 1002 clerum,
926 945 1135 1007 Anglice
1166 945 1389 993 alteram.

214 1030 382 1080 Semel
409 1028 708 1093 respondeat
743 1026 891 1074 alicui
921 1025 1130 1073 Doctori
1162 1025 1238 1072 vel
1275 1024 1395 1072 Pro-

208 1112 379 1161 fessori
412 1109 636 1161 Publico‚
673 1106 827 1155 semel
855 1111 1074 1170 opponat
1113 1104 1231 1168 (nisi
1266 1105 1394 1167 quod

209 1198 413 1257 insuper
438 1191 490 1238 in
524 1188 733 1254 publicis
766 1188 977 1235 comitiis
1002 1202 1090 1251 pro
1116 1186 1397 1234 Academiae

211 1275 450 1337 dignitate
466 1271 715 1335 disputare
734 1270 1013 1330 teneatur);
1042 1267 1242 1314 demum
1267 1266 1397 1314 intra

212 1368 399 1401 annum
426 1366 455 1397 a
478 1349 633 1412 gradu
657 1354 883 1411 suscepto
917 1346 1254 1402 Quaestionem
1279 1346 1397 1410 pub-

211 1436 305 1482 lice
342 1430 641 1480 determinet
670 1427 759 1474 sub
787 1427 932 1491 poena
962 1427 1288 1489 quadraginta
1323 1443 1396 1475 so-

211 1514 427 1562 lidorum
497 1507 780 1557 Academiae
844 1506 1193 1554 solvendorum
1222 1527 1234 1566 3
1301 1507 1395 1568 qua

215 1597 275 1643 de
310 1592 557 1640 solutione
599 1594 713 1635 ante
760 1587 1191 1648 inaugurationem
1238 1602 1394 1642 suam,

212 1674 545 1740 hypothecam
606 1669 741 1717 dabit
800 1668 1120 1715 Procuratori
1183 1667 1394 1716 Seniori.

216 1756 546 1804 Doctoratum
585 1750 774 1798 ambiat
803 1765 968 1805 nemo,
1011 1750 1094 1811 qui
1125 1764 1228 1796 non
1264 1750 1398 1812 prius

214 1852 409 1885 sacrum
435 1830 808 1894 Presbyteratus
833 1830 1057 1878 ordinem
1082 1829 1227 1876 fuerit
1253 1829 1396 1892 adep-

214 1926 308 1966 tus.
377 1916 539 1964 Nemo
564 1913 639 1961 vel
664 1913 725 1960 ad
741 1911 1155 1960 Baccalaureatus
1174 1910 1250 1958 vel
1268 1910 1396 1958 Doc-

217 1996 405 2046 toratus
434 1993 638 2058 gradum
665 1992 970 2048 admittatur,
998 1993 1081 2054 qui
1105 2007 1205 2039 non
1231 2008 1395 2040 coram

216 2079 436 2127 Domino
460 2074 874 2130 Procancellario,
896 2079 982 2121 aut
1001 2071 1106 2135 ejus
1130 2072 1396 2137 Deputato‚

217 2157 374 2206 tribus
410 2155 660 2208 Articulis,
699 2155 791 2202 viz.
836 2154 979 2216 Regii
1007 2153 1271 2208 Primatfis,
1313 2151 1395 2199 Li-

219 2236 390 2299 turgiae
416 2235 720 2296 Anglicanae,
748 2240 797 2282 et
820 2234 1024 2296 triginta
1051 2247 1228 2280 novem
1265 2231 1395 2279 Arti-
