1458 2455
628 198 690 251 67

73 335 100 355 ‘⁶
126 329 231 376 aliis
255 330 487 377 ineantur
512 333 778 393 (quantum
815 332 866 377 in
905 347 984 378 me
1024 330 1122 390 est)
1161 332 1248 377 im-

72 415 104 435 “
127 408 322 472 pediam
349 410 585 471 quamdiu
616 412 783 459 vixero
823 413 875 458 in
911 411 1009 458 hoc
1046 410 1247 457 mundo.

73 495 103 516 “
130 489 247 536 Haec
263 492 430 538 omnia
440 507 589 557 supra
602 499 881 540 memorata
895 494 946 539 in
958 507 1037 539 me
1047 492 1247 555 recipio,

73 578 104 599 “
130 572 340 634 Deoque
365 579 505 633 teste,
529 590 608 621 me
651 574 822 621 sedulo
858 574 1253 639 factui‘unipro-

72 656 101 679 ‘⁶
126 654 285 710 mitto,
316 670 373 702 ac
413 654 632 718 spondeo
654 674 668 713 ;
721 655 864 702 tactis
917 653 1254 701 Saerosanctis

70 739 101 760 ⁶⁶
127 733 311 782 Christi
337 735 670 798 Evangeliis.''

466 1087 705 1135 CAPUT
741 1087 855 1133 VII.

164 1281 230 1312 DE
271 1278 526 1312 SOCIORUM
562 1279 835 1313 JUNIORUM
870 1278 1168 1310 ELECTIONE.

76 1450 451 1517 VOLUMUS,
491 1464 541 1506 et
581 1457 869 1512 Statuimus‚
909 1463 964 1505 ut
1003 1457 1054 1504 in
1092 1455 1261 1504 Socios

76 1542 111 1588 ii
135 1541 294 1589 solum
314 1544 622 1603 cooptentur,
659 1537 718 1584 de
757 1551 968 1599 quorum
1003 1534 1257 1596 religione,

78 1620 298 1668 doctrin&
322 1624 371 1665 et
395 1617 628 1672 moribus,
655 1622 763 1662 tum
788 1614 1100 1678 Praepositus,
1128 1619 1258 1659 tum-

83 1703 213 1750 Socii
235 1707 423 1766 septem
453 1699 695 1754 Seniores‚
722 1713 859 1761 spem
879 1696 1062 1743 bonam
1083 1694 1261 1741 animis

80 1783 411 1846 conceperint,
438 1781 619 1843 quique
639 1778 865 1825 Gradum
903 1775 1264 1823 Baccalaurea-

79 1866 158 1910 tfis
193 1864 247 1909 in
289 1860 492 1908 Artibus
526 1858 632 1921 jam
673 1858 995 1921 susceperint.
1068 1855 1128 1902 In
1167 1854 1262 1901 heic

82 1943 339 1998 electione,
364 1938 610 2002 Discipuli
654 1937 862 1999 Collegii
899 1951 1094 1999 semper
1137 1950 1262 1998 prae-

80 2023 315 2079 ferantur,
343 2027 490 2082 atque
522 2018 748 2065 similiter
783 2018 1034 2064 tenuiores
1074 2015 1262 2063 ditiori-

81 2102 191 2160 bus,
234 2101 477 2148 doctiores
513 2096 880 2152 indoctioribus,
928 2101 978 2142 et
1007 2093 1261 2158 probiores

82 2182 246 2228 minus
279 2178 460 2244 probis,
499 2176 648 2224 modo
695 2181 873 2223 caetera
911 2173 1260 2238 respondeant.

84 2259 313 2322 Eligendi
349 2263 565 2323 potestas
598 2260 679 2320 (ut
711 2262 857 2303 antea
893 2253 1151 2313 statuitur)
1199 2253 1262 2298 sit
