1504 2501
803 162 831 202 4

223 289 426 335 nomine
449 286 665 351 plurium
691 287 871 336 ibidem
911 289 1133 347 facimus,
1174 292 1400 339 licencia-

224 384 346 421 mus,
374 360 709 422 contituimus,
743 376 792 416 et
835 370 1120 419 ordinamus
1158 390 1246 437 per
1283 390 1401 438 prae-

223 455 400 495 sentes.

289 530 383 577 ET
410 530 769 579 ULTERIUS
785 531 843 579 de
860 534 1085 597 ampliori
1104 534 1280 582 Grati&
1296 551 1401 582 nos-

220 609 520 673 traspecialh
540 616 588 657 et
603 627 661 657 ex
678 611 811 658 cert&
829 612 1062 670 Scientifz,
1082 620 1130 661 et
1146 631 1282 662 mero
1298 615 1404 662 Mo-

221 697 275 737 tu
290 692 483 744 nostris,
501 691 740 748 volumus,
757 693 1055 750 ordinamus,
1075 695 1405 748 concedimus,

222 777 271 816 et
315 770 604 827 stabilimus
653 787 741 835 per
785 781 1065 835 praesentes,
1110 791 1198 838 pro
1237 774 1403 828 Nobis,

222 853 528 908 Haeredffius,
564 860 613 900 et
649 853 1022 902 Successoribus
1053 858 1247 912 nostris,
1277 857 1405 917 quod

221 936 477 999 praedictus
502 935 816 998 PraepositUS,
868 935 1016 991 Socii,
1054 943 1102 983 et
1146 936 1406 983 Scholares

222 1016 429 1077 Collegii
470 1015 729 1061 Trinitatis
760 1015 990 1079 praedicti,
1020 1023 1067 1063 et
1095 1025 1266 1063 eorum
1290 1016 1408 1064 Suc-

221 1111 436 1143 cessor-es
473 1096 522 1141 in
547 1111 613 1151 re,
636 1095 781 1151 facto,
819 1103 867 1143 et
891 1097 1106 1153 nomine,
1139 1097 1199 1144 de
1231 1105 1407 1146 caetero

223 1178 334 1231 sint,
361 1183 410 1223 et
435 1183 596 1229 erunt,
616 1192 771 1222 unum
799 1176 994 1240 Corpus
1020 1185 1333 1241 corporatum
1357 1186 1404 1226 et

221 1257 492 1320 politicum,
521 1255 581 1302 de
607 1271 664 1302 ac
689 1256 737 1301 in
772 1263 1081 1319 perpetuum,
1125 1258 1405 1321 incorpora-

221 1342 326 1381 tum
353 1342 402 1382 et
435 1340 671 1389 erectum,
694 1350 781 1397 per
803 1351 983 1382 nomen
1003 1335 1277 1399 Prrepositi,
1314 1337 1398 1384 So-

222 1417 425 1470 ciorum,
489 1421 538 1461 et
595 1413 906 1461 Scholarium
963 1415 1171 1477 Collegii
1224 1424 1405 1464 sanctae

227 1496 487 1542 Trinitatis
522 1494 823 1541 Elizabethae
858 1495 1063 1559 Reginae
1089 1495 1237 1558 juxta
1270 1498 1406 1545 Dub-

224 1578 326 1635 lin;
377 1577 602 1639 quodque
639 1591 727 1639 per
763 1575 893 1622 idem
930 1592 1112 1623 nomen
1154 1580 1405 1641 perpetuis

224 1657 400 1704 futuris
426 1654 732 1719 temporibus
757 1662 1130 1717 cognoscentur,
1164 1657 1406 1703 vocabun-

224 1744 305 1784 tur
338 1737 730 1801 appelfflbuntur,
757 1743 806 1783 et
840 1736 1240 1791 nominabuntur,
1262 1738 1408 1786 habe·

225 1824 407 1879 antque
432 1818 790 1865 successionem
814 1823 1104 1881 perpetuam
1126 1838 1138 1877 3
1171 1834 1227 1865 ac
1247 1820 1405 1882 ipsum

226 1896 569 1960 Praepositum,
609 1897 794 1952 Socios,
826 1896 1101 1950 Scholares,
1129 1904 1178 1944 et
1207 1897 1408 1945 Succes-

224 1992 373 2032 sores,
408 1978 507 2023 sive
554 1977 868 2041 Pl'aepositos,
911 1976 1097 2033 SociOS,
1148 1975 1409 2024 Scholares

225 2056 434 2118 Collegii
459 2064 640 2103 sanctae
659 2065 708 2104 et
732 2056 994 2104 individuae
1028 2057 1285 2104 Trinitatis
1309 2057 1412 2105 Eli.

227 2136 446 2182 zabethae
495 2135 695 2198 Reginae
721 2135 865 2198 juxta
897 2136 1086 2183 Dublin
1130 2139 1407 2200 incorpora-

227 2231 347 2271 mus,
370 2231 425 2262 ac
453 2231 607 2262 unum
627 2215 820 2278 Corpus
840 2221 1151 2278 corporatum
1186 2222 1234 2261 et
1252 2214 1409 2278 politi-
