1458 2455
632 167 720 216 191

90 288 266 336 liarum
285 293 561 355 assumpsit,
580 295 849 359 eodemque
866 307 1076 358 mortuo,
1089 303 1269 366 stylum

90 385 148 415 ac
183 370 381 418 titulum
419 372 569 435 Regis
605 375 812 438 Angliae,
854 382 1056 429 nomine
1093 382 1270 432 Jacobi

92 448 265 506 Tertii,
293 451 369 498 vel
408 452 603 511 Scotiae,
635 459 837 506 nomine
867 459 1043 508 Jacobi
1075 462 1268 519 Octavi,

89 536 176 576 aut
205 531 384 593 stylum
423 550 481 581 ac
517 537 715 584 titulum
751 538 897 602 Regis
934 541 1130 604 Magnae
1160 544 1272 591 Bri-

88 612 270 657 tanniae
289 616 551 678 assumpsit
574 623 624 663 et
646 617 942 678 vindicavit3
974 619 1057 682 jus
1072 622 1270 685 aliquod

87 690 163 737 vel
200 692 397 740 titulum
431 695 825 760 qualemcunque
854 700 1051 757 habere,
1083 703 1144 750 ad
1174 703 1269 751 Co-

85 785 258 818 ronam
301 772 447 834 hujus
480 775 657 839 Regni,
690 779 767 826 vel
797 779 1006 843 alicujus
1044 782 1268 831 Domini-

87 864 227 896 orum
271 852 431 899 eidem
477 857 867 918 pertinentium:
917 866 966 908 et
1011 865 1267 918 renuncio‚

85 944 273 984 recuso,
302 938 351 978 et
375 931 547 995 abjuro
567 935 898 999 allegientiam
919 957 1266 1006 quamcunque

85 1015 171 1055 aut
193 1010 540 1070 obedientiam,
587 1017 788 1065 cuilibet
833 1035 892 1066 ex
939 1021 998 1068 iis
1034 1029 1265 1085 praestan-

85 1089 214 1138 dam.

152 1170 275 1218 Item
305 1172 435 1235 juro,
475 1190 554 1223 me
595 1176 789 1224 fidelem
825 1178 1063 1237 futurum,
1103 1188 1152 1229 et
1186 1198 1265 1229 ve-

84 1266 189 1297 ram
230 1253 561 1316 allegientiam
593 1259 924 1321 praestiturum
958 1260 1127 1324 Regiae
1159 1263 1267 1311 Ma-

76 1332 262 1396 jestati,
499 1356 511 1393 3
542 1346 689 1402 atque
714 1341 926 1390 eundem
953 1345 1148 1392 summa
1171 1361 1265 1409 ope

84 1413 415 1474 defensurum,
460 1418 690 1467 adversus
736 1437 909 1470 omnes
954 1425 1263 1488 proditorum

83 1493 191 1557 conj
201 1498 462 1554 urationeS,
491 1505 540 1546 et
559 1507 765 1549 conatus
784 1509 958 1550 contra
980 1504 1133 1567 ipsius
1158 1521 1264 1568 per-

83 1590 270 1631 sonam,
319 1592 554 1625 coronam
601 1586 688 1627 aut
733 1581 1064 1644 dignitatem:
1117 1591 1264 1646 atque

83 1654 295 1718 insuper,
322 1672 402 1704 me
426 1673 516 1721 pro
540 1659 667 1706 virili
691 1660 817 1716 mea,
846 1661 974 1724 Regi
994 1669 1043 1709 et
1075 1678 1265 1711 succes-

83 1733 271 1781 soribus
283 1733 323 1797 ej
332 1752 387 1783 us
399 1737 746 1796 indicaturum,
761 1747 809 1788 et
824 1741 988 1805 palam
998 1742 1261 1800 facturum,

83 1828 254 1861 omnes
270 1816 572 1878 proditiones
587 1826 733 1881 atque
745 1820 1126 1884 conjurationes,
1145 1838 1265 1884 quas

84 1901 256 1940 contra
280 1897 439 1959 ipsum
472 1906 558 1946 aut
585 1899 797 1962 aliquem
829 1917 889 1949 ex
920 1903 979 1949 iis
1014 1903 1120 1949 fieri
1151 1919 1263 1965 cog·

81 1989 280 2022 novero.

152 2052 273 2100 Item
321 2056 531 2105 fideliter
574 2061 825 2123 promitto,
873 2077 953 2107 me
998 2077 1089 2125 pro
1136 2064 1265 2109 virili

81 2134 205 2188 mea,
244 2142 595 2193 sustenturum,
645 2147 969 2196 servaturum,
1010 2147 1059 2187 et
1099 2141 1264 2189 defen-

82 2228 248 2260 surum
276 2218 635 2266 successionem
668 2235 862 2268 coronae
895 2221 1126 2269 adversus
1157 2238 1264 2286 pos-
