1504 2501
797 168 858 211 64

230 294 347 342 teris
387 293 762 343 humanioribus
803 296 1005 360 possint,
1056 295 1416 343 examinentur.

230 375 396 436 Atque
428 374 507 421 die
539 374 793 422 electionis
828 374 1201 439 Discipulorum
1244 375 1416 439 (quem

229 471 424 520 semper
459 472 563 504 esse
601 457 845 504 Volumus
881 457 959 505 die
995 457 1150 505 Lunae
1193 460 1417 522 proxime

228 543 339 601 post
362 536 664 584 Dominioan
690 536 977 597 Trinitatis)
1004 553 1175 585 omnes
1200 539 1283 599 qui
1307 537 1417 585 Dis-

228 618 498 682 cipulatum
537 625 725 682 petunt,
753 620 958 666 nomina
992 635 1095 675 sua,
1124 625 1173 666 et
1198 617 1417 666 Comita-

227 706 368 745 tuum
389 696 567 761 Regni,
590 700 640 745 in
661 697 835 760 quibus
856 699 960 745 nati
979 704 1109 751 sunt,
1130 697 1414 761 Praeposito,

227 786 277 826 et
304 779 457 826 Sociis
493 779 776 825 Senioribus
811 778 1052 825 tradenda
1089 785 1279 834 curent,
1308 794 1416 841 quae

227 874 395 906 eoram
431 858 659 905 omnibus
696 858 837 904 dietis
869 857 1179 904 Electoribus
1207 858 1415 904 reciten-

226 947 322 987 tur.
397 939 667 986 Sumantur
701 945 865 985 autem
902 937 1215 1002 potissimum
1251 944 1300 985 et
1332 937 1415 984 eli-

227 1026 408 1082 gantur
433 1036 492 1067 ex
517 1035 688 1067 eorum
725 1035 936 1066 numero
964 1019 1028 1083 (si
1062 1019 1209 1066 modo
1246 1018 1411 1066 idonei

226 1100 339 1155 sint,
379 1105 429 1146 et
463 1100 651 1146 eaeteris
688 1114 829 1162 pares
869 1098 1204 1162 reperiantur)
1241 1099 1325 1161 qui
1361 1099 1413 1145 in

230 1177 425 1227 Scholis
470 1178 879 1226 Dubliniensibus
927 1179 1122 1227 educati
1168 1187 1298 1236 sunt,
1325 1185 1411 1226 aut

225 1261 330 1307 nati
356 1261 405 1306 in
432 1258 579 1321 hujus
612 1260 751 1320 regni
793 1258 1139 1315 Comitatibus,
1185 1275 1243 1306 ao
1274 1259 1410 1313 loeis,

226 1340 279 1386 in
311 1337 486 1400 quibus
527 1338 805 1399 Collegium
844 1339 1044 1401 praedia,
1072 1339 1265 1395 fundos,
1299 1355 1412 1403 pro-

225 1427 416 1476 ventuS,
444 1435 501 1467 ao
517 1420 703 1467 reditus
722 1419 870 1467 habet
891 1438 902 1467 :
926 1426 995 1475 ut,
1015 1437 1223 1482 quorum
1243 1420 1412 1469 labore

229 1509 278 1551 et
328 1501 587 1550 sudoribus
631 1500 843 1562 Collegii
882 1500 1106 1548 membra
1146 1502 1315 1548 omnia
1364 1509 1414 1549 et

226 1582 418 1644 singula
469 1585 822 1634 sustentantur,
879 1595 1049 1626 eorum
1099 1581 1409 1644 potissimum

226 1662 367 1710 liberi
403 1663 454 1709 in
493 1661 666 1708 eodem
701 1660 988 1716 educentur,
1030 1668 1078 1708 et
1118 1662 1313 1716 virtute,
1354 1676 1412 1708 ac

225 1743 601 1792 humanioribus
626 1742 779 1789 literis
796 1742 857 1789 ad
879 1742 1128 1798 Ecclesiae,
1152 1748 1200 1789 et
1217 1741 1411 1805 reipub-

225 1824 329 1871 licae
367 1823 758 1870 emolumentum
799 1822 1135 1868 instituantur.
1207 1820 1410 1882 Alioqui

227 1919 287 1950 ex
307 1903 412 1950 aliis
439 1903 577 1964 regni
599 1901 835 1964 partibus,
867 1908 953 1948 aut
974 1901 1223 1948 Dominiis
1254 1900 1408 1948 Coro-

225 1999 304 2030 nae
329 1982 520 2044 Magnae
541 1981 818 2028 Britanniae
839 1980 1045 2028 subditis
1065 1980 1408 2028 indifferenter

225 2062 287 2111 ad
305 2078 569 2109 numerum
591 2060 937 2124 supplendum,
959 2061 1042 2122 qui
1071 2061 1281 2107 maxime
1307 2059 1408 2106 ido-

224 2144 307 2191 nei
333 2141 641 2197 videbuntur,
671 2157 865 2205 semper
882 2147 1154 2189 sumantur.
1227 2140 1406 2188 Nullus

224 2223 390 2276 haeres,
416 2222 497 2284 qui
515 2219 621 2283 jam
652 2223 727 2281 sit,
760 2228 846 2270 aut
869 2227 1010 2286 patre
1046 2228 1241 2270 mortuo
1276 2221 1407 2269 futu-
