1458 2455
656 157 743 207 129

113 284 173 331 ad
210 300 452 349 promum,
495 285 590 346 qua
632 285 837 332 nomina
878 283 1287 346 delinquentium,

112 374 160 413 et
189 365 385 413 mulctae
416 366 619 428 singulis
654 367 893 431 impositae
929 364 1289 413 describentur.

112 445 216 493 Has
262 462 463 510 promus
503 448 554 493 in
602 446 780 494 tabulis
825 447 1026 493 horsum
1069 443 1199 508 apud
1240 458 1291 489 se

111 527 365 573 asservatis
390 526 594 581 notabit,
623 533 672 573 et
698 526 775 573 die
805 525 1007 574 Sabbati
1029 522 1172 586 juxta
1196 523 1292 569 sin-

109 606 334 669 gulorum
359 607 578 662 nomina,
620 608 669 653 in
707 606 831 654 libro
864 605 1189 671 promptuarii
1222 604 1294 649 in-

111 687 302 743 scribet,
331 694 380 735 et
411 686 510 735 una
540 704 653 735 cum
690 688 773 734 illo
804 686 1043 740 ostendet,
1073 691 1128 731 ut
1153 684 1292 729 finito

111 783 294 823 mense,
313 767 500 823 eadem,
524 768 621 829 qua
639 767 828 829 reliqua
844 781 1059 829 expensa
1084 764 1292 817 ratione,

112 854 160 893 et
183 846 272 893 sub
297 847 467 893 eadem
494 849 645 910 poena,
673 846 937 893 Bursarius
962 843 991 892 a
1023 841 1294 891 Tutoribus

113 926 289 988 exigat.
362 926 461 981 Qui
487 933 652 973 autem
679 941 770 973 nec
796 925 1010 972 Tutores
1037 929 1166 978 sunt,
1202 937 1296 969 nec

114 1008 354 1056 Tutorem
390 1008 589 1064 habent,
629 1009 726 1066 (uti
778 1006 1035 1054 inferiores
1078 1005 1295 1052 Ministri

117 1090 368 1153 Collegii,)
397 1089 653 1144 Volumus,
673 1095 728 1135 ut
749 1089 789 1135 si
813 1088 920 1149 quis
943 1101 1116 1134 eorum
1143 1083 1296 1130 mulc-

113 1172 207 1218 tari
240 1171 490 1222 meruerit,
521 1169 755 1215 mulctam
782 1167 1046 1214 Bul-sarius
1080 1164 1237 1212 solvat
1269 1163 1296 1210 e

114 1252 358 1317 stipendio
411 1250 485 1296 vel
548 1248 884 1296 emolumento
945 1245 1291 1306 delinquentis.

116 1332 250 1388 Quin
275 1331 315 1378 si
339 1345 505 1377 servus
538 1327 826 1391 cujusquam
861 1341 1032 1373 eorum
1067 1339 1297 1388 peccave-

114 1415 189 1469 rit,
217 1412 447 1460 dominus
464 1411 581 1457 luat.
657 1409 794 1464 Quas
812 1407 1022 1454 mulctas
1041 1407 1110 1452 sic
1132 1420 1298 1468 recep-

115 1505 203 1553 tas,
231 1496 494 1543 Bursarius
518 1492 618 1542 una
642 1509 754 1541 cum
790 1490 1073 1539 nominibus
1109 1504 1298 1541 eorum,

117 1576 290 1640 quibus
321 1576 557 1640 impositae
581 1581 709 1629 sunt,
735 1573 940 1621 seorsim
966 1572 1016 1617 in
1041 1569 1166 1616 libro
1191 1585 1295 1623 suo,

118 1656 333 1718 quolibet
351 1671 519 1702 mense
554 1653 843 1718 praescribet,
883 1658 932 1699 et
967 1649 1182 1712 qualibet
1218 1647 1300 1694 de-

119 1752 253 1784 mum
290 1737 461 1797 quarta
498 1750 661 1782 coram
702 1732 965 1796 Praeposito
1010 1737 1058 1777 et
1093 1729 1300 1775 Decano

119 1818 312 1863 seniore
323 1816 564 1861 rationem
582 1813 754 1860 reddet
771 1833 783 1871 3
807 1819 862 1859 ut
885 1826 1007 1873 quos
1026 1809 1219 1856 mulctae
1239 1808 1301 1855 ad

120 1896 311 1958 frugem
336 1910 438 1940 non
463 1894 772 1949 revocarunt,
802 1892 1017 1939 severior
1043 1889 1301 1952 disciplma

122 1976 437 2037 constringat.
521 1973 857 2020 Mulctarum²²
891 1978 1056 2019 autem
1107 1985 1302 2017 summa

121 2055 337 2118 qualibet
362 2054 535 2116 quarta
566 2055 617 2101 in
648 2053 768 2101 cista
798 2052 1050 2101 communi
1087 2051 1301 2116 depona-

231 2220 247 2237 Ε
266 2219 338 2257 See
359 2217 422 2256 the
445 2216 592 2255 statute
615 2223 637 2241 ‘⁶
655 2215 715 2252 De
736 2214 954 2265 quibusdam
977 2214 1196 2253 mutandis.''

638 2272 722 2317 03
