1458 2455
665 146 726 195 95

107 277 314 339 eligatur
348 273 524 337 aliquis
555 273 618 321 ad
654 274 871 321 officium
897 273 1285 338 Vicepraepositi,

105 373 193 421 per
218 357 561 420 Praepositum,
582 361 632 402 et
657 353 898 417 majorem
925 355 1129 402 Partem
1159 355 1290 403 Soci-

107 451 248 492 orum
293 434 572 482 Seniorum.
648 434 746 481 Sed
780 436 895 496 quia
931 436 1148 482 officium
1180 435 1290 489 hoc,

105 523 386 580 aegrotante,
421 515 498 563 vel
523 515 724 562 absente
749 516 1037 579 Praeposito,
1077 516 1291 562 multum

105 598 338 645 conducit
356 596 416 644 ad
432 598 669 658 regimen,
693 603 741 643 et
759 613 932 660 pacem
953 597 1290 653 Studentium,

105 677 358 723 neminem
396 675 641 722 Volumus
683 675 745 722 ad
784 676 877 722 hoc
924 692 1105 722 munus
1161 676 1289 738 eligi,

105 757 201 802 nisi
221 756 576 810 consentiente,
596 761 646 802 et
666 755 970 818 approbante
987 756 1293 819 Praepositoss.

109 835 223 890 Hic,
250 837 377 883 sicut
401 836 674 900 praefertur,
699 836 899 891 electus,
928 836 1218 900 Praeposito,
1244 839 1293 883 in

111 916 318 978 Collegii
344 917 601 977 regimine,
624 916 735 963 loco
760 923 810 963 et
832 916 1023 964 honore
1042 920 1297 981 proximus

111 997 218 1043 erit.
291 995 499 1051 Quoties
523 1011 655 1049 vem,
685 1004 770 1042 aut
807 995 945 1043 deest
982 997 1294 1061 PraepositUS,

112 1083 198 1123 aut
230 1075 368 1122 abest
392 1091 421 1121 a
450 1074 689 1136 Collegio,
731 1090 927 1138 semper
950 1077 1221 1139 praesideat,
1249 1085 1299 1125 et

109 1159 294 1222 primas
334 1161 518 1210 teneat,
564 1154 766 1216 ejusque
816 1157 867 1222 in
918 1156 1078 1202 cultus
1130 1157 1297 1211 divini,

111 1238 311 1293 ordinis,
339 1236 690 1297 modestiaeque
729 1238 1103 1283 conservatione
1140 1239 1299 1285 vicem

110 1326 263 1381 gerat.
356 1317 623 1364 Provideat
670 1318 835 1378 itaque
884 1317 1300 1381 Vicepraepositus

112 1397 315 1453 solicite,
343 1414 406 1444 ne
432 1413 528 1459 qua
552 1396 628 1443 vel
654 1397 951 1443 intermissio
972 1398 1058 1443 fiat
1076 1396 1300 1458 frequen-

111 1478 249 1526 tandi
273 1495 460 1543 preces,
489 1477 722 1524 audiendi
742 1479 1020 1533 concioneS,
1039 1478 1301 1541 praestandi

113 1561 164 1606 in
190 1559 412 1622 Collegio
438 1557 776 1621 cujuscunque
795 1560 988 1620 generis
1008 1559 1304 1606 scholastica

114 1640 395 1697 Exercitia3
449 1654 512 1685 ne
550 1637 755 1701 obrepat
792 1639 984 1684 incuria
1022 1638 1303 1699 inquirendi

116 1720 176 1766 de
192 1721 264 1774 iis,
284 1720 366 1780 qui
381 1718 554 1766 urbem
570 1718 953 1765 Dubliniensem
970 1719 1303 1780 frequentant,

117 1800 199 1861 qui
225 1800 276 1845 in
302 1798 476 1845 eadem
502 1804 812 1862 pernoctant,
835 1799 918 1859 qui
939 1798 1174 1844 dissoluto
1194 1800 1305 1845 vitae

124 1895 324 1942 genere,
341 1878 651 1936 scandalum,
680 1885 730 1925 et
755 1878 968 1926 dedecus
1001 1880 1230 1940 regimini
1256 1886 1305 1925 et

118 1959 383 2023 disciplinae
409 1960 619 2022 Collegii
658 1967 842 2007 creant.
916 1959 1118 2007 Ordinis
1155 1961 1303 2006 etiam

118 2041 328 2106 prandii,
383 2055 623 2102 coenaeque
660 2046 903 2103 tempore,
944 2040 1306 2086 conservationi

120 2123 309 2171 solicite
334 2122 617 2186 prospiciat,
643 2126 693 2167 et
717 2136 779 2167 ne
805 2121 1062 2182 quisquam
1086 2119 1183 2166 alio
1208 2135 1307 2167 ser-

230 2284 247 2300 ³²
268 2282 340 2320 see
358 2280 423 2318 the
445 2280 593 2318 Statute
614 2285 637 2304 “
655 2278 717 2317 De
739 2276 959 2329 quibusdam
979 2276 1204 2315 mutandis.'’
