1504 2501
766 182 854 227 121⁴

213 319 321 373 erit,
351 316 577 378 Collegio
609 314 895 378 expellatur.
970 313 1023 361 Si
1050 313 1156 375 quis
1181 313 1296 360 dum
1324 310 1405 359 ab„

212 400 375 454 fuerit,
416 399 464 444 in
504 395 731 443 morbum
781 394 907 441 forte
948 394 1192 447 inciderit,
1231 400 1280 439 et
1315 408 1404 455 per

214 480 383 526 literas
422 476 761 541 Praepositum,
791 482 840 522 et
868 475 1034 521 Socios
1071 475 1304 521 certiores
1340 471 1405 517 fe-

215 560 352 612 cerit,
395 558 541 619 idque
588 556 733 603 certis
779 556 1073 601 testimoniis
1120 561 1292 618 postea
1337 553 1407 599 ita

215 639 396 685 habere
422 643 732 700 compertum
758 634 921 689 fuerit,
945 634 1048 681 dies
1069 634 1243 696 quibus
1262 647 1407 694 aegroo

217 719 409 774 taverit,
467 718 600 763 intra
658 715 963 779 praescriptos
1018 714 1250 761 absentiae
1305 712 1407 759 dies

215 798 468 846 numerari
516 795 775 843 Nolumus.
851 794 1127 841 Statuimus
1174 793 1309 846 item,
1354 797 1409 836 ut

216 879 405 926 nemini
435 877 694 925 Sociorum
723 874 797 921 vel
822 873 1210 937 Discipulorum,
1238 879 1411 936 praeter

218 959 322 1006 dies
374 957 684 1022 praescriptos
729 955 860 1001 ultra
912 970 1061 1001 unam
1110 955 1159 1000 in
1208 952 1411 1014 singulis

220 1040 364 1087 annis
399 1044 643 1100 quartam,
673 1052 701 1083 a
726 1036 1015 1099 Praeposito,
1044 1034 1119 1081 vel
1146 1050 1204 1081 eo
1239 1032 1412 1079 absen-

228 1127 293 1174 te,
333 1118 736 1182 Vicepraeposito‚
765 1123 814 1163 et
841 1113 1017 1177 majori
1054 1114 1205 1161 Parte
1242 1112 1414 1160 Senio-

223 1216 350 1253 rum,
386 1199 481 1245 nisi
522 1197 823 1260 gravissima,
873 1191 1318 1257 urgentissimaque
1356 1192 1414 1238 de

224 1279 387 1334 causa,
409 1291 626 1338 unquam
645 1274 962 1322 concedatur.
1006 1273 1247 1321 Volumus
1265 1273 1413 1319 etiam

225 1367 280 1405 ut
307 1358 532 1404 absentes
556 1372 645 1420 pro
672 1361 955 1402 commeatu
979 1353 1167 1400 nullam
1189 1367 1417 1415 compen-

228 1438 470 1484 sationem
493 1434 725 1489 habeant,
747 1434 839 1480 nisi
862 1433 937 1480 vel
957 1432 1318 1495 aegrotaverint,
1343 1430 1415 1476 vel

228 1518 355 1564 forte
381 1518 431 1562 in
457 1515 667 1577 Collegii
705 1514 915 1575 negotiis
952 1511 1249 1574 exequendis
1278 1526 1419 1557 occu-

230 1603 427 1661 pentur.
500 1594 614 1650 Quo
641 1609 756 1640 casu
786 1593 1073 1647 Statuimus‚
1104 1598 1157 1638 ut
1182 1590 1421 1654 Praeposi-

231 1685 326 1732 tus,
354 1681 440 1723 aut
459 1674 582 1722 alius
607 1674 887 1736 quicunque
907 1672 968 1719 ad
990 1671 1199 1733 Collegii
1224 1670 1422 1732 negotia

238 1755 469 1804 obeunda
506 1755 713 1801 emissus
760 1752 1101 1814 designatione
1152 1750 1420 1813 Praepositi,

237 1843 322 1883 aut
358 1851 417 1882 eo
454 1833 669 1889 absente,
711 1832 1102 1896 Vicepraepositi,
1140 1837 1188 1877 et
1222 1827 1423 1890 majoris

237 1918 390 1980 partis
431 1916 690 1962 Seniorum
731 1914 838 1977 (qui
876 1921 923 1960 et
952 1913 1206 1975 negotium
1245 1912 1420 1974 ipsum,

240 2003 288 2042 et
320 1995 413 2041 loci
438 1993 739 2049 distantiam,
769 1999 817 2039 et
841 1992 1030 2038 dierum
1067 2004 1347 2043 numerum,
1376 1994 1424 2034 et

241 2075 361 2122 alias
381 2074 778 2120 circumstantias
803 2072 1064 2133 diligenter
1088 2064 1425 2125 considerent)

241 2161 468 2217 sumptus
503 2169 615 2200 suos
651 2152 741 2199 sibi
778 2153 1012 2199 allocatos
1047 2150 1239 2197 habeat.
1312 2146 1422 2210 Ipse

244 2253 360 2286 vero
385 2237 514 2282 intra
539 2234 771 2290 triduum,
812 2241 897 2281 aut
932 2232 994 2280 ad
1030 2233 1258 2280 ultimum
1295 2230 1426 2275 intra
