1458 2455
653 145 680 187 Ue

686 146 714 188 Ul

506 435 746 487 CAPUT
782 435 848 483 Π.

153 629 216 661 DE
256 628 534 665 QUALITATE
574 629 637 659 ET
673 628 871 660 OFFICIO
909 628 1204 660 PRAEPOSITI.

89 793 354 851 EXIGIT
388 801 578 866 politici
614 801 850 865 Corporis
886 802 1028 858 ratio,
1067 808 1123 849 ut
1158 809 1274 851 ante

86 885 254 932 omnia
279 883 445 948 Caput
472 883 709 931 idoneum
741 884 1086 942 constituatur,
1120 900 1149 931 a
1178 901 1275 946 quo

87 970 263 1012 caetera
285 963 510 1012 membra
533 964 595 1011 ad
620 980 885 1012 commune
908 964 1094 1012 bonum
1126 967 1277 1014 totius

87 1044 325 1108 Corporis
349 1043 640 1106 dirigantur.
717 1043 994 1091 Statuimus
1021 1046 1183 1106 igitur,
1221 1052 1277 1093 ut

87 1124 387 1188 Praepositus
424 1124 486 1170 sit
521 1123 740 1171 moribus
775 1122 972 1187 probus,
1018 1124 1118 1170 vita
1153 1125 1277 1172 inte-

85 1206 185 1267 gra,
235 1211 285 1252 et
327 1202 463 1250 fama
509 1203 762 1259 inviolata,
812 1219 970 1250 annos
1019 1211 1166 1251 natus
1214 1203 1274 1251 ad

86 1286 348 1333 minimum
385 1285 601 1346 triginta,
641 1290 691 1331 et
726 1285 778 1330 in
814 1284 966 1331 sacris
1005 1283 1276 1331 Ordinibus

87 1365 398 1411 constitutus.
474 1363 552 1411 Sit
576 1363 724 1410 etiam
750 1361 1012 1409 Professor
1035 1363 1088 1409 in
1124 1362 1277 1410 Sacra

87 1444 379 1507 Theologia,
411 1443 489 1491 vel
520 1443 583 1490 ad
607 1443 869 1489 minimum
909 1441 1277 1491 Baccalaureus

84 1527 138 1573 in
178 1525 350 1574 eadem
389 1524 639 1572 facultate.
711 1522 917 1570 Caeteris
958 1523 1158 1587 paribus
1199 1540 1279 1572 ex-

84 1613 258 1654 traneo
314 1606 550 1654 educatus
602 1606 654 1652 in
702 1603 925 1666 Collegio
973 1604 1279 1668 praeferatur.

86 1685 192 1734 Nec
214 1686 409 1742 habeat,
438 1691 524 1733 aut
558 1684 765 1747 recipiat
796 1684 1058 1746 (quamdiu
1092 1684 1273 1742 locum,

88 1773 138 1814 et
161 1783 341 1814 munus
365 1766 625 1830 Praepositi
654 1762 875 1827 supplet)
909 1763 1273 1822 Ecclesiastica,

88 1854 143 1894 ut
166 1853 359 1901 vocant,
386 1845 644 1899 beneficia,
672 1858 785 1890 cum
823 1842 943 1889 cura
977 1844 1274 1899 animarum,

88 1942 189 1974 uno
229 1926 387 1990 plura.
458 1924 767 1985 Dignitatem
809 1938 925 1969 vero
966 1922 1277 1972 Ecclesiasti-

87 2023 198 2054 cam
246 2005 574 2070 (quaecunque
623 2003 686 2049 sit
732 2001 859 2048 infra
904 2002 1277 2068 Episcopalem)

87 2086 180 2134 hac
219 2087 492 2135 Sanctione
526 2085 778 2150 prohiberi
818 2085 1077 2145 Nolumus,
1126 2089 1275 2136 modo

87 2169 388 2233 Praepositus
437 2167 652 2215 debitam
698 2166 1032 2224 residentiam,
1083 2176 1276 2217 caetera-

87 2263 182 2311 que
221 2250 388 2297 omnia
425 2252 637 2312 praestet,
682 2262 788 2306 quae
830 2246 960 2294 illius
997 2248 1159 2295 officio
1207 2249 1277 2294 in-
