1504 2501
766 168 853 212 108

598 456 834 506 CAPUT
870 459 1009 506 XVI.

219 699 282 731 DE
308 699 665 733 ADMITTENDIS
690 704 742 734 IN
769 702 1067 734 COLLEGIUM
1106 703 1391 735 PROFESSIO—

284 781 438 812 NIBUS
462 783 930 823 JURISI'RUDENTIAE,
957 784 1018 815 ET
1045 783 1327 815 MEDICINAE.

219 970 560 1040 QUONIAM
608 981 931 1044 professiones
968 981 1387 1046 Jurisprudentiae,

217 1074 274 1105 ac
298 1058 574 1116 Medicinae,
610 1068 658 1108 et
689 1061 887 1110 Chartae
916 1062 1217 1109 fundationis
1252 1062 1391 1108 istius

216 1137 439 1202 Collegii,
460 1147 508 1188 et
523 1141 857 1204 Collegiorum
879 1142 1009 1207 apud
1025 1142 1211 1205 Anglos
1226 1157 1391 1205 recep-

215 1219 276 1265 tis
313 1219 499 1283 legibus
536 1230 880 1272 consentaneae
920 1225 1032 1277 sint,
1068 1224 1249 1286 quippe
1289 1238 1390 1284 quae

215 1315 322 1346 non
382 1301 542 1349 solum
597 1305 803 1351 mirifice
862 1310 1038 1351 ornent
1091 1303 1387 1350 Societatem

215 1380 517 1429 studentium
538 1384 588 1429 in
609 1400 754 1445 quam
772 1384 1113 1438 admittuntur,
1135 1382 1217 1429 sed
1241 1382 1389 1429 etiam

213 1461 511 1524 singularem
547 1463 809 1511 utilitatem
846 1479 1010 1510 secum
1050 1462 1258 1509 afferant
1298 1461 1389 1508 Ec-

214 1542 383 1599 elesiae‚
411 1549 461 1590 et
483 1543 788 1607 reipublicae3
812 1543 921 1590 ideo
945 1543 1133 1589 licitum
1161 1556 1264 1588 esse
1290 1540 1388 1587 Vo-

214 1623 393 1679 lumus,
412 1630 461 1670 et
479 1623 763 1679 Statuimus,
781 1631 836 1671 ut
859 1639 948 1687 pro
973 1622 1173 1669 arbitrio
1196 1621 1391 1686 Praepoa

214 1704 310 1761 siti,
339 1710 387 1751 et
412 1702 611 1766 majoris
640 1704 801 1751 Partis
832 1704 1090 1751 Sociorum
1110 1702 1387 1758 Seniorum,

214 1800 241 1830 e
269 1784 426 1832 Sociis
441 1801 568 1832 unus
583 1785 644 1832 ad
668 1784 1019 1849 professionem
1039 1783 1070 1830 J
1074 1782 1389 1847 urispruden-

215 1864 309 1919 tiae,
345 1863 468 1912 alter
493 1864 553 1912 ad
578 1864 792 1912 studium
819 1863 1076 1912 Medicinae
1101 1863 1385 1910 divertatur.

215 1942 475 1992 Neminem
502 1962 617 1993 vero
642 1946 866 1993 volumus
899 1947 948 1992 in
980 1945 1082 1992 haec
1112 1944 1222 1992 loca
1258 1944 1384 2005 eligi,

215 2024 309 2069 nisi
356 2024 648 2088 Magistrum
695 2026 745 2072 in
797 2025 1012 2072 Artibus.
1097 2023 1385 2071 Nominatio

214 2120 330 2151 vero
355 2105 452 2161 illa,
479 2107 579 2153 sive
611 2105 880 2168 designatio
922 2105 1055 2153 Socii
1093 2103 1298 2166 alicujus
1335 2104 1385 2149 in

216 2185 245 2231 J
251 2186 467 2241 uristam,
495 2186 569 2233 vel
595 2185 862 2241 Medicum,
886 2186 979 2232 erit
1004 2187 1133 2232 intra
1158 2183 1383 2247 septima—
