1504 2501
710 161 771 205 36

144 290 444 353 Praepositus
472 288 499 336 ὲ
517 289 687 346 Nobis,
719 289 1013 345 HeredibUS,
1055 297 1104 337 et
1133 290 1336 337 Success-

144 369 334 417 soribus
360 372 541 418 nostris
565 373 867 428 nominetur,
888 378 937 419 et
969 372 1019 417 in
1041 371 1336 435 Praepositu-

141 467 247 497 ram
274 452 322 496 in
340 451 471 498 dicto
492 452 717 514 Collegio
738 453 1046 507 admittatur,
1071 451 1334 503 Volumus9

145 538 198 577 ut
236 531 649 595 Vicepraepositus
687 548 776 595 pro
812 539 1038 595 tempore
1075 532 1332 584 existente,

144 626 314 657 curam
340 612 592 672 regiminis
619 611 830 673 Collegii
857 613 906 657 in
933 627 984 658 se
1009 611 1259 674 suscipiat,
1289 615 1339 656 et

144 691 399 753 Praepositi
424 692 556 738 vices
582 692 633 737 in
658 691 888 738 omnibus
921 698 1060 752 gerat
1096 690 1339 753 (exceptis

145 771 503 818 Cubiculorum
531 771 975 826 distributionibus,
997 768 1338 816 Electionibus

145 851 390 906 omnibus,
432 850 798 897 dimissionibus
839 858 1085 897 terrarum
1126 857 1175 896 et
1205 856 1340 896 tenc-

146 936 429 978 mentorum
448 929 658 991 Collegii
676 929 737 975 ad
752 931 963 983 firmam,
983 936 1031 975 et
1048 930 1345 974 instrumen-

145 1014 207 1060 tis
249 1011 624 1075 quibuscunque
671 1010 925 1065 faciendis,
977 1026 1080 1070 quae
1128 1009 1342 1070 Collegii

149 1092 307 1156 sigillo
329 1093 514 1139 muniri
539 1091 745 1150 solent.)

216 1172 520 1228 CUMQUE
558 1172 792 1235 praedicta
832 1187 992 1235 nuper
1028 1171 1223 1233 Regma
1260 1185 1347 1233 per

150 1255 304 1301 dictas
325 1253 518 1300 Literas
552 1268 664 1299 suas
691 1258 921 1315 patentes
958 1251 1185 1306 voluerit,
1230 1266 1345 1297 con-

151 1335 366 1386 cesserit,
400 1339 449 1379 et
480 1331 783 1379 ordinaverit
815 1347 904 1394 pro
933 1330 1014 1386 Se,
1048 1329 1341 1385 Heredibus,

154 1423 202 1463 et
225 1414 602 1464 Successoribus
635 1414 749 1469 suis,
791 1413 922 1474 quod
959 1414 998 1458 si
1037 1414 1347 1475 contingeret

155 1496 499 1560 praedictorum
530 1494 807 1549 Sociorum,
841 1501 889 1540 et
913 1493 1226 1540 Scholarium
1263 1493 1347 1539 ali-

156 1592 318 1637 quem,
344 1576 443 1621 ullo
461 1574 609 1622 modo
625 1573 809 1628 deesse,
833 1579 881 1619 et
903 1574 1136 1627 amoveri,
1168 1579 1343 1627 morte,

158 1658 377 1711 decessu,
439 1656 789 1717 resignatione,
861 1654 1215 1717 deprivatione‚
1272 1653 1346 1699 vel

157 1740 253 1785 alio
279 1738 449 1799 quovis
477 1736 640 1791 modo,
668 1734 799 1796 quod
831 1742 964 1789 tunc,
1008 1741 1056 1780 et
1101 1734 1348 1796 deinceps,

157 1820 281 1865 bene
307 1818 478 1864 liceret
516 1815 804 1878 Praeposito,
848 1815 1132 1874 caeterisque
1175 1813 1347 1867 Sociis,

159 1897 235 1943 vel
275 1912 447 1943 eorum
498 1893 874 1949 successoribus,
918 1893 1082 1940 adhuc
1135 1893 1350 1955 supervi-

161 1976 400 2032 ventibus‚
424 1977 498 2023 vel
525 1974 701 2037 majori
727 1975 866 2022 Parti
892 1973 1178 2028 eorundem,
1202 1973 1349 2019 aliam

160 2059 390 2105 idoneam
414 2056 703 2111 Personam,
733 2055 809 2102 vel
838 2055 957 2101 alias
995 2053 1198 2100 idoneas
1241 2051 1350 2098 Per-

163 2153 322 2192 sonas,
342 2137 393 2181 in
411 2135 592 2190 locum,
620 2135 695 2182 vel
710 2135 859 2188 locos,
876 2133 1096 2199 praedicti
1118 2132 1249 2179 Socii
1268 2139 1353 2177 aut

169 2217 433 2271 &holm-is,
483 2214 745 2262 Sociorum
771 2220 858 2261 aut
895 2212 1224 2263 Scholarium,
1269 2210 1354 2256 eli-
