1458 2455
651 97 741 150 147

111 242 256 289 quam
303 225 460 273 fidelis
506 225 875 287 Consanguinei
915 229 964 272 et
1006 220 1288 272 Consiliarii

111 306 281 361 nostri,
329 304 539 352 Thomae
580 303 915 352 Vice-comitis
960 302 1285 357 Wentworth,

108 385 346 448 Deputati
399 385 554 431 nostri
607 384 869 431 Generalis
916 383 1078 445 Regni
1132 383 1287 430 nostri

110 465 372 522 Hiberniae,
409 480 605 513 necnon
636 465 687 511 in
725 464 945 528 partibus
981 464 1144 526 Regni
1181 478 1290 509 nos-

106 547 170 593 tri
204 546 392 609 Angliae
432 546 724 594 Borealibus
764 545 1095 610 praesidentis3
1142 542 1292 591 Intel-

105 627 313 674 leximus
336 627 557 689 regulam
593 625 971 673 administrandi
1003 623 1211 685 Collegii
1238 622 1290 669 il-

104 708 212 765 lius,
241 709 563 770 omniumque
589 708 649 755 ad
675 707 804 754 idem
839 705 1210 770 pertinentium,
1238 703 1289 749 in

105 787 273 835 multis
290 787 431 835 valde
451 787 792 852 imperfectam
813 802 932 842 esse,
954 784 1290 850 praesentium-

106 883 200 929 que
224 883 561 931 personarum,
586 883 768 923 rerum,
791 873 840 914 et
857 872 1154 929 temporum,
1176 879 1289 910 con-

105 947 280 996 ditioni
325 949 489 995 minus
541 947 785 1002 idoneam,
835 945 967 993 unde
1020 944 1289 1008 plurimum

103 1027 305 1090 singulis
338 1027 517 1075 ibidem
558 1026 848 1089 degentibus
892 1025 1173 1072 incubuerit
1210 1023 1290 1070 ‹le-

104 1107 356 1166 trimenti3
394 1106 474 1154 Ad
516 1105 825 1153 Statutorum
865 1104 1077 1166 denique
1115 1103 1289 1150 confir-

103 1189 374 1235 mationem
399 1188 686 1249 neutIquam
713 1187 874 1234 adhuc
899 1186 1159 1233 accessisse
1183 1183 1284 1230 Au-

100 1267 386 1315 thoritatem
412 1267 638 1330 Regiam,
659 1282 806 1328 quam
823 1271 877 1312 ut
892 1265 994 1313 Nos
1013 1262 1285 1311 concedere

100 1347 426 1409 dignaremur,
465 1347 742 1394 humillime
772 1347 1008 1411 petiistis:
1035 1344 1174 1392 NOS
1199 1345 1286 1406 igi-

100 1431 336 1484 tur‚'cum
368 1444 513 1476 sacrae
537 1428 678 1476 Fidei
714 1427 989 1475 defensioni
1014 1425 1101 1488 (ad
1132 1439 1279 1486 quam

104 1508 290 1556 Solium
313 1514 538 1555 nostrum
564 1507 730 1555 divina
753 1506 954 1583 bonitas
972 1504 1151 1565 evexit)
1175 1517 1282 1549 aus-

98 1589 312 1652 picatam
336 1588 641 1636 subditorum
657 1587 799 1635 nobis
818 1586 1153 1648 Collegiorum
1176 1584 1279 1631 Gu-

98 1666 439 1715 bernationem
462 1668 536 1716 vel
556 1668 824 1732 plurimum
842 1665 1065 1713 conferre
1082 1678 1277 1711 censeam

97 1762 222 1803 mus,
241 1749 364 1794 votis
378 1749 549 1795 vestris
562 1748 773 1809 gratiose
790 1751 1081 1803 annuentes,
1097 1742 1275 1790 librum

97 1826 342 1888 quendam
399 1827 726 1882 statutorum,
771 1841 859 1889 per
912 1823 1277 1872 Reverendissi-

97 1922 232 1954 mum
263 1907 467 1955 Patrem
492 1915 541 1956 et
564 1908 887 1972 perdilectum
922 1906 1274 1954 Consiliarium

95 1993 318 2033 nostrum
344 1987 651 2035 Gulielmum
675 1987 1117 2051 Archiepiscopum
1142 1986 1274 2034 Can-

96 2066 366 2114 turiensem
403 2068 618 2116 studiose
656 2074 802 2131 atque
837 2068 1047 2117 fideliter
1081 2069 1273 2116 confec-

97 2150 220 2200 tum,
255 2151 304 2193 et
333 2153 444 2209 post
479 2153 725 2196 maturam
772 2146 1156 2211 uniuscujusque
1202 2149 1274 2196 rei

700 2243 734 2275 H
754 2233 784 2276 Q
