1504 2501
790 145 878 188 120

260 277 419 339 posita
433 280 560 329 sunt,
580 288 722 335 augin
730 279 899 320 entum
915 273 1000 320 fiat
1014 288 1100 337 per
1115 272 1436 336 Praepositum

261 363 311 402 et
351 353 588 416 majorem
622 359 811 416 partem
857 353 1115 401 Sociorum
1157 353 1434 406 Seniorum,

262 435 348 482 sed
380 434 523 481 venia
555 434 690 497 prius
720 433 891 496 petita,
925 440 974 480 et
1005 433 1266 496 impetrata
1290 449 1318 479 a
1341 432 1438 479 De-

260 524 434 581 putato
458 523 625 563 nostro
657 516 872 577 generali
903 517 1040 578 regni
1070 517 1225 562 nostri
1263 515 1439 562 Hiber-

262 599 351 643 niae
375 604 424 644 et
448 613 477 643 a
504 595 852 643 Visitatoribus
879 596 1101 658 Collegii.
1171 595 1238 643 Et
1261 602 1315 642 ut
1335 595 1439 641 haec

262 677 471 723 intentio
497 676 555 722 de
581 675 814 737 augendis
839 676 1026 723 salariis
1050 676 1307 723 meliorem
1339 691 1439 722 sor-

260 758 413 803 tiatur
444 756 690 812 effectum,
730 755 991 811 VolumUS,
1035 761 1084 802 et
1124 754 1436 808 Mandamus,

260 842 317 882 ut
340 836 391 881 in
416 835 643 882 omnibus
667 833 1030 881 dimissionibus
1062 840 1320 889 terrarum,
1355 840 1441 880 aut

260 921 673 969 tenementorum,
696 914 994 960 domuumve
1019 913 1080 959 ad
1099 914 1308 968 firmam,
1333 913 1441 961 Sta-

261 999 369 1041 tuta
391 994 529 1055 regni
545 992 712 1039 Nostri
729 993 983 1040 Hiberniae
999 993 1048 1038 in
1065 992 1159 1039 hoc
1178 1008 1293 1039 casu
1310 992 1441 1040 edita

260 1074 457 1137 penitus
502 1072 835 1128 observentur,
882 1088 1062 1137 nempe
1109 1080 1163 1120 ut
1203 1073 1441 1120 medietas

255 1152 377 1216 justi
420 1153 597 1201 valoris
645 1154 796 1200 annui
839 1160 997 1210 terrae,
1038 1169 1124 1200 seu
1168 1155 1440 1201 tenementi

261 1232 598 1295 cujuscunque
653 1233 782 1294 quod
832 1233 1110 1286 dimittitur,
1166 1239 1441 1280 reservetur

265 1312 501 1375 Collegio,
551 1314 754 1360 nomine
791 1320 954 1367 rentae‚
1002 1315 1132 1360 inter
1174 1321 1439 1377 proventus

260 1408 465 1448 annuos,
506 1399 555 1440 et
595 1392 810 1439 solvatur
845 1392 1080 1440 Bul-sario
1117 1395 1372 1441 annuatim
1412 1411 1441 1442 a

262 1474 490 1521 Tenente
509 1475 561 1520 in
585 1489 728 1520 usum
755 1473 977 1535 Collegii.

327 1556 384 1603 In
414 1555 666 1603 Cubiculis
691 1554 1051 1610 distribuendis,
1086 1556 1176 1602 etsi
1209 1555 1438 1602 doctrinae

260 1643 311 1684 et
333 1636 526 1683 virtutis
556 1636 683 1682 ratio
713 1634 940 1682 habenda
969 1636 1046 1691 sit,
1078 1641 1247 1682 tamen
1281 1650 1344 1682 ne
1379 1651 1439 1682 ex

259 1717 346 1764 illa
368 1716 700 1764 controversia
724 1722 809 1763 aut
832 1716 1016 1763 invidia
1045 1717 1246 1771 oriatur,
1276 1718 1436 1764 senio·

258 1812 365 1844 rem
395 1794 598 1858 juniori,
638 1801 740 1842 tam
771 1796 900 1842 inter
935 1796 1106 1843 Socios
1130 1812 1277 1858 quam
1309 1798 1437 1844 inter

258 1875 554 1939 Discipulos,
567 1891 760 1940 semper
773 1876 1131 1940 praeferendum
1146 1878 1433 1935 Statuimus,

257 1958 351 2004 nisi
376 1959 501 2005 forte
527 1974 583 2006 ex
609 1960 739 2020 gravi
767 1959 1059 2007 causabanc
1076 1963 1434 2010 successionem

259 2037 521 2098 aliquando
549 2040 837 2087 mutandam
871 2041 1163 2105 Praepositus
1187 2041 1434 2104 judicave-

257 2119 335 2163 rit.
418 2118 514 2165 Sed
547 2127 595 2166 et
626 2121 732 2176 hoc,
774 2123 902 2169 inter
931 2122 1194 2187 discipulos
1224 2129 1430 2169 tantum„

257 2197 720 2247 Distribuendorum
748 2204 879 2249 enim
907 2203 1242 2250 cubiculorum
1273 2209 1430 2266 potes-
