1504 2501
792 197 881 242 158

243 341 448 374 numero
479 341 650 374 eorum
677 326 759 388 qui
775 326 835 374 ad
849 327 950 374 haec
975 341 1182 374 munera
1207 325 1420 389 obligan-

243 413 325 454 tur
359 407 464 454 fieri
497 407 649 470 possit
671 413 726 454 ut
753 407 814 453 ad
839 407 1011 454 eadem
1040 406 1267 454 obeunda,
1292 408 1423 454 intra

242 495 468 552 tempora
491 489 774 552 praescripta
798 488 947 550 aliqui
973 504 999 535 e
1022 487 1179 535 Sociis
1203 489 1302 535 sive
1317 487 1423 534 Ma-

241 569 403 631 gistris
427 584 528 615 non
552 575 804 625 vocentur,
833 576 881 617 et
904 569 1075 617 itidem
1112 569 1241 631 quod
1258 569 1422 633 plures

243 663 382 696 casus
412 647 594 695 oboriri
624 650 815 712 possint
845 649 896 695 in
931 649 1105 710 quibus
1135 664 1329 713 poenam
1364 649 1424 695 is-

241 734 344 775 tam
367 728 707 789 gravissimam
732 729 950 790 irrogare
975 744 1173 792 prorsus
1197 730 1421 791 iniquum

242 812 382 861 esset,
423 805 740 853 concedimus
777 808 926 868 igitur
963 813 1258 870 potestatem
1296 807 1422 854 Prae-

240 887 400 950 posito
425 892 475 933 et
503 886 659 933 Sociis
683 886 972 934 Senioribus
992 903 1100 934 eam
1121 889 1169 933 in
1187 888 1421 935 leviorem

240 966 480 1021 mutandi,
516 973 601 1013 aut
626 969 831 1014 omnino
855 969 894 1014 si
927 968 1043 1031 ipsis
1073 968 1316 1015 videbitur
1347 984 1420 1015 re·

241 1050 486 1098 mittendi.
558 1051 805 1098 Provided
831 1052 1008 1113 always
1032 1052 1139 1099 that
1163 1052 1300 1099 these
1331 1068 1422 1099 our

241 1132 435 1180 Letters
460 1131 644 1178 Patent
672 1131 732 1179 be
763 1132 982 1179 enrolled
1017 1134 1067 1179 in
1103 1133 1187 1180 the
1221 1132 1337 1180 rolls
1373 1132 1429 1179 of

241 1212 481 1274 ourHigh
497 1211 656 1259 Court
679 1211 1002 1273 ofChancery
1019 1213 1071 1258 in
1111 1213 1218 1259 that
1235 1219 1346 1276 part
1375 1212 1432 1259 of

240 1307 332 1338 our
355 1291 526 1338 united
551 1291 801 1353 Kingdom
828 1291 985 1339 called
1015 1291 1212 1339 Ireland
1250 1292 1420 1339 within

241 1370 324 1417 the
350 1385 495 1434 space
529 1370 586 1417 of
612 1370 682 1417 six
707 1370 907 1417 months
941 1378 1059 1417 next
1095 1372 1302 1433 ensuing
1335 1372 1419 1419 the

240 1450 353 1498 date
378 1449 435 1496 of
450 1450 587 1497 these
612 1456 847 1512 presents.
903 1448 961 1495 In
986 1451 1180 1496 witness
1207 1451 1429 1498 whereof

240 1547 314 1579 we
355 1531 479 1578 have
515 1530 694 1577 caused
735 1530 872 1576 these
913 1545 1004 1576 our
1028 1529 1221 1577 Letters
1262 1538 1312 1577 to
1359 1530 1418 1578 be

239 1611 380 1659 made
401 1617 585 1675 patent.
655 1610 873 1656 VVitness
899 1625 990 1656 our
1014 1609 1254 1657 aforesaid
1273 1610 1419 1658 Lieu·

240 1699 414 1740 tenant
439 1690 658 1738 General
683 1690 780 1737 and
812 1690 1034 1737 General
1072 1690 1334 1739 Governor
1370 1692 1427 1739 of

239 1772 439 1821 Ireland
477 1779 527 1820 at
562 1771 751 1819 Dublin
787 1772 872 1819 the
910 1771 1182 1819 thirteenth
1226 1773 1322 1834 day
1371 1774 1427 1820 of

239 1851 519 1899 December
564 1852 613 1898 in
661 1851 744 1899 the
793 1850 1006 1900 Sixtieth
1054 1851 1189 1898 Year
1233 1853 1290 1899 of
1329 1869 1419 1900 our

237 1930 416 1992 Reign.

992 2106 1347 2155 GRANARD.
