<?xml version="1.0" encoding="UTF-8"?>
<!DOCTYPE html PUBLIC "-//W3C//DTD XHTML 1.0 Transitional//EN"
    "http://www.w3.org/TR/xhtml1/DTD/xhtml1-transitional.dtd">
<html xmlns="http://www.w3.org/1999/xhtml" xml:lang="en" lang="en">
 <head>
  <title>
</title>
<meta http-equiv="Content-Type" content="text/html;charset=utf-8" />
  <meta name='ocr-system' content='tesseract 3.04.00' />
  <meta name='ocr-capabilities' content='ocr_page ocr_carea ocr_par ocr_line ocrx_word'/>
</head>
<body>
  <div class='ocr_page' id='page_1' title='image "./chartaeetstatuta00trinuoft_0109.png"; bbox 0 0 1458 2455; ppageno 0'>
   <div class='ocr_carea' id='block_1_1' title="bbox 685 141 747 191">
    <p class='ocr_par' dir='ltr' id='par_1_1' title="bbox 685 141 747 191">
     <span class='ocr_line' id='line_1_1' title="bbox 685 141 747 191; baseline 0 -7"><span class='ocrx_word' id='word_1_1' title='bbox 685 141 747 191; x_wconf 78' lang='lat'>93</span> 
     </span>
    </p>
   </div>
   <div class='ocr_carea' id='block_1_2' title="bbox 128 267 1331 2253">
    <p class='ocr_par' dir='ltr' id='par_1_2' title="bbox 128 267 1331 2253">
     <span class='ocr_line' id='line_1_2' title="bbox 130 267 1310 334; baseline -0.007 -11"><span class='ocrx_word' id='word_1_2' title='bbox 130 291 233 324; x_wconf 76' lang='lat' dir='ltr'>ram</span> <span class='ocrx_word' id='word_1_3' title='bbox 265 276 313 321; x_wconf 89' lang='lat' dir='ltr'>in</span> <span class='ocrx_word' id='word_1_4' title='bbox 339 271 563 333; x_wconf 90' lang='lat' dir='ltr'>Collegio</span> <span class='ocrx_word' id='word_1_5' title='bbox 600 269 926 334; x_wconf 77' lang='lat' dir='ltr'>possidentes,</span> <span class='ocrx_word' id='word_1_6' title='bbox 959 267 1310 330; x_wconf 82' lang='lat' dir='ltr'>studentesque</span> 
     </span>
     <span class='ocr_line' id='line_1_3' title="bbox 130 347 1311 413; baseline -0.007 -11"><span class='ocrx_word' id='word_1_7' title='bbox 130 369 300 402; x_wconf 86' lang='lat' dir='ltr'>omnes</span> <span class='ocrx_word' id='word_1_8' title='bbox 341 358 390 400; x_wconf 93' lang='lat' dir='ltr'>et</span> <span class='ocrx_word' id='word_1_9' title='bbox 419 350 612 413; x_wconf 84' lang='lat' dir='ltr'>singuli,</span> <span class='ocrx_word' id='word_1_10' title='bbox 654 348 870 396; x_wconf 81' lang='lat' dir='ltr'>habeant</span> <span class='ocrx_word' id='word_1_11' title='bbox 908 347 1116 410; x_wconf 89' lang='lat' dir='ltr'>Togam,</span> <span class='ocrx_word' id='word_1_12' title='bbox 1157 347 1311 409; x_wconf 76' lang='lat' dir='ltr'>eaque</span> 
     </span>
     <span class='ocr_line' id='line_1_4' title="bbox 129 426 1312 496; baseline -0.005 -17"><span class='ocrx_word' id='word_1_13' title='bbox 129 447 323 496; x_wconf 85' lang='lat' dir='ltr'>semper</span> <span class='ocrx_word' id='word_1_14' title='bbox 349 435 568 484; x_wconf 83' lang='lat' dir='ltr'>utantur,</span> <span class='ocrx_word' id='word_1_15' title='bbox 599 434 649 475; x_wconf 87' lang='lat' dir='ltr'>et</span> <span class='ocrx_word' id='word_1_16' title='bbox 672 428 723 474; x_wconf 91' lang='lat' dir='ltr'>in</span> <span class='ocrx_word' id='word_1_17' title='bbox 750 427 988 489; x_wconf 90' lang='lat' dir='ltr'>Collegio,</span> <span class='ocrx_word' id='word_1_18' title='bbox 1017 433 1066 474; x_wconf 87' lang='lat' dir='ltr'>et</span> <span class='ocrx_word' id='word_1_19' title='bbox 1095 428 1146 473; x_wconf 91' lang='lat' dir='ltr'>in</span> <span class='ocrx_word' id='word_1_20' title='bbox 1178 426 1312 474; x_wconf 78' lang='lat' dir='ltr'>Urbe</span> 
     </span>
     <span class='ocr_line' id='line_1_5' title="bbox 128 509 1311 571; baseline -0.005 -12"><span class='ocrx_word' id='word_1_21' title='bbox 128 511 442 559; x_wconf 86' lang='lat' dir='ltr'>Dubliniensi</span> <span class='ocrx_word' id='word_1_22' title='bbox 460 530 473 569; x_wconf 84' lang='lat'><em>3</em></span> <span class='ocrx_word' id='word_1_23' title='bbox 501 515 556 557; x_wconf 88' lang='lat' dir='ltr'>ut</span> <span class='ocrx_word' id='word_1_24' title='bbox 573 524 721 556; x_wconf 89' lang='lat' dir='ltr'>nemo</span> <span class='ocrx_word' id='word_1_25' title='bbox 740 515 934 571; x_wconf 87' lang='lat' dir='ltr'>togatus</span> <span class='ocrx_word' id='word_1_26' title='bbox 953 509 1109 555; x_wconf 85' lang='lat' dir='ltr'>ocreis</span> <span class='ocrx_word' id='word_1_27' title='bbox 1128 513 1311 561; x_wconf 77' lang='lat' dir='ltr'>utatur,</span> 
     </span>
     <span class='ocr_line' id='line_1_6' title="bbox 130 586 1316 653; baseline -0.007 -14"><span class='ocrx_word' id='word_1_28' title='bbox 130 598 214 638; x_wconf 88' lang='lat' dir='ltr'>aut</span> <span class='ocrx_word' id='word_1_29' title='bbox 238 591 430 643; x_wconf 85' lang='lat' dir='ltr'>vestitu,</span> <span class='ocrx_word' id='word_1_30' title='bbox 456 587 706 653; x_wconf 88' lang='lat' dir='ltr'>capillitio‚</span> <span class='ocrx_word' id='word_1_31' title='bbox 740 588 947 642; x_wconf 84' lang='lat' dir='ltr'>incessu,</span> <span class='ocrx_word' id='word_1_32' title='bbox 982 586 1044 633; x_wconf 87' lang='lat' dir='ltr'>ad</span> <span class='ocrx_word' id='word_1_33' title='bbox 1081 601 1316 649; x_wconf 81' lang='lat' dir='ltr'>pompam</span> 
     </span>
     <span class='ocr_line' id='line_1_7' title="bbox 130 666 1317 731; baseline -0.006 -13"><span class='ocrx_word' id='word_1_34' title='bbox 130 670 360 718; x_wconf 87' lang='lat' dir='ltr'>Aulicam</span> <span class='ocrx_word' id='word_1_35' title='bbox 381 684 433 716; x_wconf 89' lang='lat' dir='ltr'>se</span> <span class='ocrx_word' id='word_1_36' title='bbox 449 673 730 731; x_wconf 88' lang='lat' dir='ltr'>componat,</span> <span class='ocrx_word' id='word_1_37' title='bbox 750 666 837 714; x_wconf 91' lang='lat' dir='ltr'>sed</span> <span class='ocrx_word' id='word_1_38' title='bbox 861 667 1195 728; x_wconf 87' lang='lat' dir='ltr'>unusquisque</span> <span class='ocrx_word' id='word_1_39' title='bbox 1215 681 1317 712; x_wconf 86' lang='lat' dir='ltr'>mo·</span> 
     </span>
     <span class='ocr_line' id='line_1_8' title="bbox 131 747 1318 810; baseline -0.004 -12"><span class='ocrx_word' id='word_1_40' title='bbox 131 751 336 798; x_wconf 88' lang='lat' dir='ltr'>destiam</span> <span class='ocrx_word' id='word_1_41' title='bbox 380 755 429 796; x_wconf 91' lang='lat' dir='ltr'>et</span> <span class='ocrx_word' id='word_1_42' title='bbox 467 748 758 810; x_wconf 85' lang='lat' dir='ltr'>gravitatem</span> <span class='ocrx_word' id='word_1_43' title='bbox 807 747 969 794; x_wconf 86' lang='lat' dir='ltr'>ordini</span> <span class='ocrx_word' id='word_1_44' title='bbox 1006 762 1095 794; x_wconf 90' lang='lat' dir='ltr'>suo</span> <span class='ocrx_word' id='word_1_45' title='bbox 1144 762 1318 794; x_wconf 90' lang='lat' dir='ltr'>conve-</span> 
     </span>
     <span class='ocr_line' id='line_1_9' title="bbox 131 827 1316 890; baseline -0.004 -12"><span class='ocrx_word' id='word_1_46' title='bbox 131 832 365 884; x_wconf 89' lang='lat' dir='ltr'>nientem,</span> <span class='ocrx_word' id='word_1_47' title='bbox 406 836 455 876; x_wconf 93' lang='lat' dir='ltr'>et</span> <span class='ocrx_word' id='word_1_48' title='bbox 500 827 800 875; x_wconf 87' lang='lat' dir='ltr'>Academico</span> <span class='ocrx_word' id='word_1_49' title='bbox 841 827 1041 890; x_wconf 83' lang='lat' dir='ltr'>dignam</span> <span class='ocrx_word' id='word_1_50' title='bbox 1087 833 1316 874; x_wconf 42' lang='lat' dir='ltr'>sectetur,</span> 
     </span>
     <span class='ocr_line' id='line_1_10' title="bbox 133 907 1318 971; baseline -0.003 -13"><span class='ocrx_word' id='word_1_51' title='bbox 133 912 476 959; x_wconf 82' lang='lat' dir='ltr'>Permittimus</span> <span class='ocrx_word' id='word_1_52' title='bbox 500 907 631 965; x_wconf 75' lang='lat' dir='ltr'>vero,</span> <span class='ocrx_word' id='word_1_53' title='bbox 658 915 714 956; x_wconf 90' lang='lat' dir='ltr'>ut</span> <span class='ocrx_word' id='word_1_54' title='bbox 738 909 917 971; x_wconf 86' lang='lat' dir='ltr'>singuli</span> <span class='ocrx_word' id='word_1_55' title='bbox 947 908 1199 956; x_wconf 86' lang='lat' dir='ltr'>studentes</span> <span class='ocrx_word' id='word_1_56' title='bbox 1238 924 1318 955; x_wconf 92' lang='lat' dir='ltr'>cu-</span> 
     </span>
     <span class='ocr_line' id='line_1_11' title="bbox 128 989 1319 1054; baseline -0.003 -16"><span class='ocrx_word' id='word_1_57' title='bbox 128 991 405 1054; x_wconf 87' lang='lat' dir='ltr'>juscunque</span> <span class='ocrx_word' id='word_1_58' title='bbox 455 990 633 1053; x_wconf 75' lang='lat' dir='ltr'>gradus</span> <span class='ocrx_word' id='word_1_59' title='bbox 684 997 733 1038; x_wconf 92' lang='lat' dir='ltr'>et</span> <span class='ocrx_word' id='word_1_60' title='bbox 786 989 1097 1045; x_wconf 86' lang='lat' dir='ltr'>conditionis,</span> <span class='ocrx_word' id='word_1_61' title='bbox 1146 989 1319 1053; x_wconf 82' lang='lat' dir='ltr'>(modo</span> 
     </span>
     <span class='ocr_line' id='line_1_12' title="bbox 135 1069 1321 1133; baseline -0.003 -13"><span class='ocrx_word' id='word_1_62' title='bbox 135 1089 236 1120; x_wconf 91' lang='lat' dir='ltr'>non</span> <span class='ocrx_word' id='word_1_63' title='bbox 264 1072 428 1119; x_wconf 83' lang='lat' dir='ltr'>Sacris</span> <span class='ocrx_word' id='word_1_64' title='bbox 449 1070 717 1118; x_wconf 83' lang='lat' dir='ltr'>Ordinibus</span> <span class='ocrx_word' id='word_1_65' title='bbox 742 1072 923 1118; x_wconf 89' lang='lat' dir='ltr'>initiati</span> <span class='ocrx_word' id='word_1_66' title='bbox 947 1069 1156 1133; x_wconf 84' lang='lat' dir='ltr'>fuerint)</span> <span class='ocrx_word' id='word_1_67' title='bbox 1183 1076 1321 1117; x_wconf 81' lang='lat' dir='ltr'>extra</span> 
     </span>
     <span class='ocr_line' id='line_1_13' title="bbox 137 1151 1319 1212; baseline -0.005 -11"><span class='ocrx_word' id='word_1_68' title='bbox 137 1153 476 1210; x_wconf 79' lang='lat' dir='ltr'>Academiam,</span> <span class='ocrx_word' id='word_1_69' title='bbox 518 1159 566 1199; x_wconf 92' lang='lat' dir='ltr'>et</span> <span class='ocrx_word' id='word_1_70' title='bbox 597 1152 770 1199; x_wconf 83' lang='lat' dir='ltr'>urbem</span> <span class='ocrx_word' id='word_1_71' title='bbox 809 1151 1189 1198; x_wconf 86' lang='lat' dir='ltr'>Dubliniensem</span> <span class='ocrx_word' id='word_1_72' title='bbox 1227 1165 1319 1212; x_wconf 81' lang='lat' dir='ltr'>pro</span> 
     </span>
     <span class='ocr_line' id='line_1_14' title="bbox 138 1230 1317 1288; baseline -0.004 -7"><span class='ocrx_word' id='word_1_73' title='bbox 138 1234 377 1282; x_wconf 86' lang='lat' dir='ltr'>arbitratu</span> <span class='ocrx_word' id='word_1_74' title='bbox 423 1233 710 1288; x_wconf 78' lang='lat' dir='ltr'>vestiantur,</span> <span class='ocrx_word' id='word_1_75' title='bbox 759 1231 1028 1279; x_wconf 89' lang='lat' dir='ltr'>dummodo</span> <span class='ocrx_word' id='word_1_76' title='bbox 1070 1230 1317 1284; x_wconf 80' lang='lat' dir='ltr'>decenter,</span> 
     </span>
     <span class='ocr_line' id='line_1_15' title="bbox 138 1311 1322 1375; baseline -0.004 -13"><span class='ocrx_word' id='word_1_77' title='bbox 138 1321 187 1362; x_wconf 90' lang='lat' dir='ltr'>et</span> <span class='ocrx_word' id='word_1_78' title='bbox 234 1313 538 1361; x_wconf 87' lang='lat' dir='ltr'>vestimentis</span> <span class='ocrx_word' id='word_1_79' title='bbox 585 1312 778 1360; x_wconf 82' lang='lat' dir='ltr'>obscuri</span> <span class='ocrx_word' id='word_1_80' title='bbox 824 1311 1100 1375; x_wconf 88' lang='lat' dir='ltr'>cujuspiam</span> <span class='ocrx_word' id='word_1_81' title='bbox 1145 1311 1322 1358; x_wconf 86' lang='lat' dir='ltr'>coloris</span> 
     </span>
     <span class='ocr_line' id='line_1_16' title="bbox 139 1391 1320 1455; baseline -0.004 -13"><span class='ocrx_word' id='word_1_82' title='bbox 139 1394 298 1442; x_wconf 88' lang='lat' dir='ltr'>induti</span> <span class='ocrx_word' id='word_1_83' title='bbox 315 1393 561 1441; x_wconf 88' lang='lat' dir='ltr'>incedant.</span> <span class='ocrx_word' id='word_1_84' title='bbox 600 1393 746 1449; x_wconf 87' lang='lat' dir='ltr'>Quod</span> <span class='ocrx_word' id='word_1_85' title='bbox 763 1394 803 1440; x_wconf 90' lang='lat' dir='ltr'>si</span> <span class='ocrx_word' id='word_1_86' title='bbox 822 1394 928 1455; x_wconf 89' lang='lat' dir='ltr'>quis</span> <span class='ocrx_word' id='word_1_87' title='bbox 944 1392 1038 1440; x_wconf 91' lang='lat' dir='ltr'>hoc</span> <span class='ocrx_word' id='word_1_88' title='bbox 1053 1391 1320 1445; x_wconf 82' lang='lat' dir='ltr'>violaverit,</span> 
     </span>
     <span class='ocr_line' id='line_1_17' title="bbox 139 1472 1323 1540; baseline -0.003 -18"><span class='ocrx_word' id='word_1_89' title='bbox 139 1477 315 1540; x_wconf 83' lang='lat' dir='ltr'>primo,</span> <span class='ocrx_word' id='word_1_90' title='bbox 367 1490 451 1521; x_wconf 85' lang='lat' dir='ltr'>sex</span> <span class='ocrx_word' id='word_1_91' title='bbox 502 1473 715 1522; x_wconf 87' lang='lat' dir='ltr'>denariis</span> <span class='ocrx_word' id='word_1_92' title='bbox 765 1473 1061 1530; x_wconf 82' lang='lat' dir='ltr'>mulctetur3</span> <span class='ocrx_word' id='word_1_93' title='bbox 1106 1472 1323 1519; x_wconf 87' lang='lat' dir='ltr'>secundo</span> 
     </span>
     <span class='ocr_line' id='line_1_18' title="bbox 141 1552 1321 1614; baseline -0.003 -12"><span class='ocrx_word' id='word_1_94' title='bbox 141 1555 428 1608; x_wconf 83' lang='lat' dir='ltr'>duodecim3</span> <span class='ocrx_word' id='word_1_95' title='bbox 465 1555 628 1611; x_wconf 86' lang='lat' dir='ltr'>tertio,</span> <span class='ocrx_word' id='word_1_96' title='bbox 668 1553 858 1602; x_wconf 89' lang='lat' dir='ltr'>duobus</span> <span class='ocrx_word' id='word_1_97' title='bbox 894 1552 1087 1606; x_wconf 90' lang='lat' dir='ltr'>solidis;</span> <span class='ocrx_word' id='word_1_98' title='bbox 1131 1561 1321 1614; x_wconf 87' lang='lat' dir='ltr'>quarto,</span> 
     </span>
     <span class='ocr_line' id='line_1_19' title="bbox 142 1632 1324 1698; baseline -0.003 -16"><span class='ocrx_word' id='word_1_99' title='bbox 142 1650 231 1698; x_wconf 80' lang='lat' dir='ltr'>pro</span> <span class='ocrx_word' id='word_1_100' title='bbox 256 1633 492 1695; x_wconf 86' lang='lat' dir='ltr'>qualitate</span> <span class='ocrx_word' id='word_1_101' title='bbox 511 1635 836 1682; x_wconf 81' lang='lat' dir='ltr'>contumaciae</span> <span class='ocrx_word' id='word_1_102' title='bbox 860 1634 1111 1697; x_wconf 84' lang='lat' dir='ltr'>puniatur.</span> <span class='ocrx_word' id='word_1_103' title='bbox 1166 1632 1324 1679; x_wconf 84' lang='lat' dir='ltr'>Porro</span> 
     </span>
     <span class='ocr_line' id='line_1_20' title="bbox 148 1711 1327 1775; baseline -0.003 -14"><span class='ocrx_word' id='word_1_104' title='bbox 148 1713 438 1769; x_wconf 84' lang='lat' dir='ltr'>Statuimus‚</span> <span class='ocrx_word' id='word_1_105' title='bbox 465 1719 515 1761; x_wconf 91' lang='lat' dir='ltr'>et</span> <span class='ocrx_word' id='word_1_106' title='bbox 555 1713 873 1768; x_wconf 87' lang='lat' dir='ltr'>Ordinamus,</span> <span class='ocrx_word' id='word_1_107' title='bbox 914 1718 970 1759; x_wconf 88' lang='lat' dir='ltr'>ut</span> <span class='ocrx_word' id='word_1_108' title='bbox 1005 1711 1170 1758; x_wconf 91' lang='lat' dir='ltr'>nullus</span> <span class='ocrx_word' id='word_1_109' title='bbox 1207 1727 1327 1775; x_wconf 81' lang='lat' dir='ltr'>prae-</span> 
     </span>
     <span class='ocr_line' id='line_1_21' title="bbox 145 1791 1326 1853; baseline -0.003 -13"><span class='ocrx_word' id='word_1_110' title='bbox 145 1794 389 1841; x_wconf 84' lang='lat' dir='ltr'>dictorum</span> <span class='ocrx_word' id='word_1_111' title='bbox 435 1795 598 1850; x_wconf 82' lang='lat' dir='ltr'>armis,</span> <span class='ocrx_word' id='word_1_112' title='bbox 651 1800 737 1841; x_wconf 88' lang='lat' dir='ltr'>aut</span> <span class='ocrx_word' id='word_1_113' title='bbox 778 1793 903 1849; x_wconf 89' lang='lat' dir='ltr'>telis,</span> <span class='ocrx_word' id='word_1_114' title='bbox 948 1792 1099 1839; x_wconf 90' lang='lat' dir='ltr'>veluti</span> <span class='ocrx_word' id='word_1_115' title='bbox 1140 1791 1326 1853; x_wconf 81' lang='lat' dir='ltr'>gladiis,</span> 
     </span>
     <span class='ocr_line' id='line_1_22' title="bbox 145 1871 1329 1937; baseline -0.003 -17"><span class='ocrx_word' id='word_1_116' title='bbox 145 1875 271 1928; x_wconf 85' lang='lat' dir='ltr'>sicis,</span> <span class='ocrx_word' id='word_1_117' title='bbox 319 1880 404 1920; x_wconf 85' lang='lat' dir='ltr'>aut</span> <span class='ocrx_word' id='word_1_118' title='bbox 450 1872 747 1937; x_wconf 85' lang='lat' dir='ltr'>pugionibus</span> <span class='ocrx_word' id='word_1_119' title='bbox 788 1873 840 1919; x_wconf 91' lang='lat' dir='ltr'>in</span> <span class='ocrx_word' id='word_1_120' title='bbox 880 1871 1118 1933; x_wconf 88' lang='lat' dir='ltr'>Collegio,</span> <span class='ocrx_word' id='word_1_121' title='bbox 1160 1873 1329 1918; x_wconf 81' lang='lat' dir='ltr'>autin</span> 
     </span>
     <span class='ocr_line' id='line_1_23' title="bbox 147 1951 1331 2017; baseline -0.003 -17"><span class='ocrx_word' id='word_1_122' title='bbox 147 1953 266 2001; x_wconf 84' lang='lat' dir='ltr'>urbe</span> <span class='ocrx_word' id='word_1_123' title='bbox 292 1960 474 2009; x_wconf 83' lang='lat' dir='ltr'>utatur,</span> <span class='ocrx_word' id='word_1_124' title='bbox 501 1952 590 2000; x_wconf 85' lang='lat' dir='ltr'>sub</span> <span class='ocrx_word' id='word_1_125' title='bbox 614 1953 771 2017; x_wconf 62' lang='lat' dir='ltr'>poena,</span> <span class='ocrx_word' id='word_1_126' title='bbox 806 1952 982 2015; x_wconf 88' lang='lat' dir='ltr'>primo,</span> <span class='ocrx_word' id='word_1_127' title='bbox 1025 1951 1331 1998; x_wconf 66' lang='lat' dir='ltr'>commeatus</span> 
     </span>
     <span class='ocr_line' id='line_1_24' title="bbox 147 2030 1329 2087; baseline -0.003 -8"><span class='ocrx_word' id='word_1_128' title='bbox 147 2033 356 2079; x_wconf 86' lang='lat' dir='ltr'>duarum</span> <span class='ocrx_word' id='word_1_129' title='bbox 372 2031 807 2087; x_wconf 87' lang='lat' dir='ltr'>hebdomadarum,</span> <span class='ocrx_word' id='word_1_130' title='bbox 823 2030 1054 2086; x_wconf 89' lang='lat' dir='ltr'>secundo,</span> <span class='ocrx_word' id='word_1_131' title='bbox 1075 2033 1329 2085; x_wconf 85' lang='lat' dir='ltr'>menstrui,</span> 
     </span>
     <span class='ocr_line' id='line_1_25' title="bbox 148 2109 1330 2176; baseline -0.003 -17"><span class='ocrx_word' id='word_1_132' title='bbox 148 2114 308 2167; x_wconf 83' lang='lat' dir='ltr'>tertio,</span> <span class='ocrx_word' id='word_1_133' title='bbox 328 2113 590 2160; x_wconf 89' lang='lat' dir='ltr'>amotionis</span> <span class='ocrx_word' id='word_1_134' title='bbox 604 2119 853 2176; x_wconf 83' lang='lat' dir='ltr'>perpetuae</span> <span class='ocrx_word' id='word_1_135' title='bbox 869 2127 897 2157; x_wconf 91' lang='lat' dir='ltr'>a</span> <span class='ocrx_word' id='word_1_136' title='bbox 912 2116 1079 2158; x_wconf 88' lang='lat' dir='ltr'>nostro</span> <span class='ocrx_word' id='word_1_137' title='bbox 1092 2109 1330 2172; x_wconf 86' lang='lat' dir='ltr'>Collegio.</span> 
     </span>
     <span class='ocr_line' id='line_1_26' title="bbox 149 2189 1329 2253; baseline -0.003 -14"><span class='ocrx_word' id='word_1_138' title='bbox 149 2192 348 2239; x_wconf 83' lang='lat' dir='ltr'>Nemini</span> <span class='ocrx_word' id='word_1_139' title='bbox 368 2194 486 2241; x_wconf 89' lang='lat' dir='ltr'>item</span> <span class='ocrx_word' id='word_1_140' title='bbox 512 2191 691 2245; x_wconf 82' lang='lat' dir='ltr'>licebit,</span> <span class='ocrx_word' id='word_1_141' title='bbox 717 2206 897 2253; x_wconf 90' lang='lat' dir='ltr'>equum</span> <span class='ocrx_word' id='word_1_142' title='bbox 925 2191 1054 2237; x_wconf 77' lang='lat' dir='ltr'>intra</span> <span class='ocrx_word' id='word_1_143' title='bbox 1072 2189 1329 2245; x_wconf 83' lang='lat' dir='ltr'>ambitum,</span> 
     </span>
    </p>
   </div>
  </div>
 </body>
</html>
