1458 2455
671 177 727 223 81

114 310 203 357 Sin
228 324 342 356 vero
367 307 556 355 Doctor
596 307 771 369 aliquis
809 308 859 353 in
900 306 1124 369 Collegio
1165 322 1296 353 com-

108 390 333 437 morandi
348 390 512 437 locum
528 387 714 436 habens
729 389 1050 444 recusaverit,
1070 391 1174 451 ipse
1188 388 1299 435 loco

107 486 195 518 suo
220 472 271 517 in
296 469 519 531 Collegio
536 469 769 532 privetur,
790 474 839 514 et
858 483 946 531 per
966 467 1297 531 Praepositum

106 551 264 599 solum
289 550 579 606 celebretur,
606 550 645 596 si
671 548 803 595 domi
823 548 987 603 fuerit,
1007 554 1057 593 et
1081 548 1294 593 sanitate

106 631 309 686 fruatur,
339 646 397 678 eo
423 645 536 677 vero
569 628 785 680 absente,
824 627 900 674 vel
932 627 1002 673 sic
1035 626 1279 689 impedito

106 729 194 776 per
219 710 673 774 Vicepraepositum,
703 714 788 754 aut
812 707 1036 767 utrisque
1079 705 1293 751 absenti-

107 793 209 847 bus,
265 807 352 855 per
402 789 606 837 Socium
658 788 871 834 maxime
930 785 1206 840 Seniorem,
1254 786 1293 830 si

108 873 370 935 Presbyter
392 872 555 919 fuerit.
626 869 837 917 Assistat
862 865 1131 914 celebranti
1171 865 1296 926 quis-

109 957 239 1019 piam
265 969 291 1001 e
321 953 493 1007 Sociis,
521 952 571 997 in
606 949 794 997 Ordine
831 947 1006 994 saltem
1044 945 1293 992 Diacona-

107 1039 198 1090 tus,
235 1051 263 1081 a
289 1033 574 1096 Praeposito,
600 1031 675 1078 vel
713 1046 772 1078 eo
816 1027 1033 1082 absente,
1076 1042 1105 1073 a
1146 1025 1290 1072 Vice-

110 1116 365 1181 praeposito
391 1111 737 1174 assignandus.

172 1195 250 1243 De
297 1192 611 1241 observandis
651 1205 740 1253 per
783 1188 976 1250 quosvis
1026 1185 1293 1234 Studentes

106 1274 397 1327 Dominicis,
426 1280 475 1319 et
499 1269 726 1317 omnibus
746 1269 853 1314 aliis
873 1266 1048 1314 diebus
1073 1266 1222 1320 festis,
1258 1266 1291 1310 ii

107 1356 189 1417 qui
216 1353 439 1414 Collegio
466 1355 695 1415 praesunt,
720 1348 928 1395 sollicite
954 1353 1003 1393 et
1033 1346 1294 1408 diligenter

106 1433 411 1499 providento.
450 1432 641 1478 Locum
659 1430 824 1483 etiam,
849 1434 898 1474 et
921 1434 1117 1490 tempus
1142 1428 1291 1472 sacris

104 1513 423 1563 concionibus
447 1509 686 1558 habendis
722 1508 1066 1561 constitutum,
1109 1505 1288 1567 singuli

107 1595 388 1647 Studentes‚
416 1592 629 1656 seposito
650 1589 786 1636 omni
808 1593 1061 1652 praetextu‚
1091 1601 1288 1648 semper

103 1682 345 1730 servanto,
371 1680 421 1721 et
458 1675 508 1719 in
542 1671 728 1719 eisdem
770 1666 1043 1721 audiendis,
1084 1681 1134 1711 se
1173 1680 1286 1711 cum

103 1755 392 1810 reverentia,
449 1760 496 1800 et
538 1751 813 1798 attentione
855 1746 1016 1795 debita
1053 1750 1284 1807 gerunto.

108 1837 161 1884 Si
186 1836 268 1898 qui
294 1834 461 1881 abesse
485 1828 934 1894 deprehendantur,
962 1826 994 1872 ii
1014 1840 1104 1888 pro
1137 1823 1287 1884 quali-

103 1923 204 1964 tate
235 1914 399 1962 delicti
432 1919 481 1960 et
528 1923 850 1975 personarum
886 1905 1170 1970 puniantur.
1213 1902 1286 1949 Si-

103 1994 300 2049 militer,
330 1993 370 2039 si
390 1992 472 2053 qui
488 1989 676 2037 Diebus
700 1986 991 2042 Dominicis,
1016 1984 1092 2032 vel
1113 1984 1284 2037 Festis,

101 2078 254 2125 otiose
279 2076 330 2122 in
355 2074 528 2138 plateis
552 2071 873 2123 substiterint,
900 2075 985 2116 aut
1008 2068 1287 2130 ingredian-

100 2165 182 2205 tur
218 2156 462 2210 tabernaS,
491 2160 576 2201 aut
600 2151 783 2214 aliquid
816 2150 961 2207 aliud,
996 2165 1100 2197 sese
1134 2156 1183 2196 et
1214 2165 1287 2195 so-

101 2238 339 2285 lennitate
357 2235 628 2297 indignum,
651 2232 874 2291 fecerint,
894 2231 943 2278 in
965 2246 1046 2278 eos
1067 2228 1285 2276 animad-

667 2329 695 2360 E
717 2316 744 2359 3
