1458 2455
707 153 735 196 5

114 295 335 343 cum‚per
353 280 479 326 idem
500 280 699 328 Nomen
714 283 763 328 in
780 289 1072 346 perpetuum
1095 284 1292 332 duratu-
1322 313 1326 316 -

113 375 237 414 rum,
266 359 463 407 realiter
488 368 536 408 et
561 361 621 407 ad
642 360 839 425 plenum
874 379 1113 419 creamus,
1150 366 1289 426 erigi-

114 454 235 493 mus,
273 439 570 496 ordinamus,
600 441 819 498 facimUS,
848 446 1205 509 constituimus,
1244 453 1293 493 et

113 517 386 565 stabilimus
410 519 615 567 firmiter
634 537 722 584 per
739 530 1018 585 praesentes.

178 597 272 644 ET
309 599 405 645 UT
425 600 641 647 Intentio
661 608 828 648 nostra
853 603 1087 665 praedicta
1108 605 1291 650 ·melio-

111 694 214 725 rem
232 678 451 727 obtineat
475 681 720 737 effectum,
748 698 805 729 ac
829 689 883 729 ut
898 683 1058 741 Bona,
1080 684 1288 740 Catalla,

113 759 307 815 Terras,
326 760 431 807 Ten
439 777 514 808 em
522 768 649 817 enta,
663 762 1097 820 Haereditamenta,
1110 764 1292 811 Reddi-

113 849 206 894 tus,
232 839 573 895 RenditioneS,
619 841 845 896 Servitia,
887 849 935 889 et
971 844 1139 889 omnia
1176 843 1285 898 alia,

111 927 159 967 et
179 920 382 982 singula,
422 921 650 968 Proficua
687 922 748 968 ad
794 925 1201 971 sustentationem
1241 932 1291 971 et

110 1000 388 1048 relevamen
418 1002 688 1065 Praepositi,
716 1003 992 1059 Sociorum,
1013 1010 1062 1050 et
1089 1004 1290 1051 Schola-

109 1083 235 1149 rium
258 1080 474 1150 ejusdem
499 1083 719 1144 Collegii,
747 1084 795 1128 in
822 1090 1115 1147 perpetuum
1141 1086 1291 1148 possi-

110 1165 272 1220 deant,
301 1171 349 1211 et
368 1171 421 1211 ut
437 1165 611 1211 melius
635 1165 985 1226 gubernentur,
1006 1173 1054 1213 et
1072 1183 1162 1231 pro
1180 1184 1291 1214 con-

109 1245 384 1292 tinuatione
411 1244 628 1306 ejusdem
657 1244 882 1306 Collegii,
911 1246 1151 1303 volumus,
1175 1263 1290 1294 con-

111 1324 343 1379 cedimus,
398 1324 698 1380 ordinamuS,
748 1332 797 1372 et
837 1325 1162 1384 decernimus,
1199 1344 1289 1391 pro

107 1404 273 1458 Nobis,
295 1405 598 1462 Haeredibus,
618 1415 680 1463 ct,
703 1406 1076 1454 Successoribus
1091 1410 1284 1464 nostris,

106 1502 194 1549 per
214 1494 498 1549 praesentes,
528 1489 656 1549 quod
678 1487 1087 1551 quandocunque,
1108 1497 1156 1535 et
1172 1506 1287 1550 quo-

106 1567 428 1629 tienscunque
449 1570 709 1630 contigerit
725 1569 936 1630 aliquem
956 1570 1286 1633 Praepositum

105 1646 206 1692 ullo
238 1646 389 1693 Modo
423 1649 637 1694 amoveri
664 1648 739 1694 vel
765 1649 946 1704 deesse,
976 1649 1153 1704 Morte,
1191 1648 1287 1695 De-

103 1743 253 1783 cessm
266 1727 634 1789 Resignatimle,
649 1728 1017 1793 Deprivatione,
1036 1729 1107 1774 vel
1124 1729 1288 1790 aliquo

106 1810 202 1856 alio
227 1810 387 1865 modo,
411 1811 540 1871 quod
564 1809 684 1858 tunc
710 1818 759 1858 et
785 1809 1015 1874 deinceps
1039 1811 1200 1864 liceat,
1239 1818 1287 1858 et.

103 1889 270 1937 licebit
289 1891 531 1953 praedictis
560 1892 732 1948 Sociis,
761 1899 809 1939 et
834 1908 1002 1939 eorum
1029 1891 1286 1938 Successo-

104 1971 252 2026 ribus,
287 1971 348 2017 ad
379 1978 498 2018 tunc
531 1971 966 2034 superviventibus,
1000 1970 1075 2018 vel
1108 1969 1285 2034 majori

105 2052 231 2115 parti
257 2050 542 2103 eorundem,
574 2050 898 2114 Praepositum
934 2051 1167 2099 idoneum
1203 2052 1285 2098 ali-

105 2145 246 2190 quem
263 2129 456 2190 eligere,
476 2135 524 2175 et
539 2130 811 2186 nominare,
824 2130 952 2177 infra
969 2137 1067 2178 tres
1091 2147 1285 2178 menses

109 2215 228 2255 tunc
253 2209 475 2272 proxime
500 2214 789 2271 sequentes:
826 2209 893 2257 Et
911 2210 1084 2258 eodem
1119 2211 1280 2266 modo,
