1504 2501
747 178 838 233 176

224 320 476 378 lectiones,
518 322 578 371 ab
610 324 730 373 hora
762 327 925 391 prima
960 329 1297 392 pomeridiana
1335 346 1411 378 us-

222 416 316 463 que
347 402 409 450 ad
443 404 724 464 secundam,
765 409 971 457 totidem
1010 410 1180 458 diebus
1218 410 1411 474 publice

218 481 363 544 legat,
400 484 450 529 in
476 484 651 546 quibus
688 502 1034 551 quameunque
1075 489 1189 537 velit
1221 490 1410 554 Hippo-

220 561 368 608 cratis
398 562 474 610 vel
510 563 693 613 Galeni
729 574 922 631 partem
960 570 1198 634 explicet:
1240 571 1408 633 quine-

220 643 342 690 tiam
383 644 434 690 in
478 645 668 695 duabus
712 650 1056 710 quaestionibus
1102 651 1304 700 medicis
1346 653 1408 700 ab

219 724 341 772 hora
372 727 532 789 prima
567 730 909 791 pomeridiana
937 747 1092 793 usque
1130 732 1192 779 ad
1232 732 1405 780 horam

216 807 414 853 tertiam
441 808 492 854 in
517 808 649 856 Aula
678 810 877 873 publiea
905 811 1176 859 solenniter
1198 827 1288 876 pro
1312 811 1406 860 sor-

217 885 301 931 ma
326 887 477 934 semel
501 888 797 952 respondeat
821 896 871 937 et
893 890 1046 938 semel
1070 898 1302 956 opponat.

419 1292 481 1323 DE
511 1291 597 1324 DIE
627 1291 952 1323 CELEBRANDI
977 1291 1206 1323 COMITIAF

220 1430 545 1493 PUBLICA
585 1443 804 1492 Comitia
845 1442 1139 1491 celebranda
1178 1443 1405 1490 volumus

219 1529 298 1577 die
346 1527 521 1574 Martis
566 1528 794 1591 proximo
839 1532 950 1590 post
996 1532 1224 1573 octavum
1272 1526 1403 1573 diem

217 1609 371 1656 Julii:
399 1606 617 1668 quolibet
641 1606 928 1653 Professore
962 1611 1184 1668 tempore
1209 1607 1405 1653 matuti-

219 1706 284 1737 no
310 1691 359 1736 in
386 1690 471 1735 sua
495 1687 728 1735 facultate
753 1685 1130 1732 Praelectionem
1156 1683 1400 1742 habente;

217 1770 311 1815 nisi
358 1774 478 1814 tuno
523 1766 761 1829 temporis
798 1765 862 1811 sit
902 1763 1168 1826 disputatio
1209 1764 1261 1809 in
1298 1761 1402 1824 ejus

215 1849 463 1902 facultate,
517 1862 665 1909 quam
711 1846 815 1910 ipse
855 1843 1117 1898 moderari,
1154 1857 1403 1903 unamque

216 1945 275 1975 ex
300 1927 647 1991 quaestionibus
671 1925 941 1974 solenniter
964 1924 1311 1976 determinare,
1331 1928 1399 1969 te-

218 2015 410 2055 neatur.

283 2086 532 2148 Tempore
563 2082 905 2148 pomeridiano
930 2083 993 2129 sit
1016 2082 1213 2146 publica
1236 2082 1397 2145 dispu-

213 2166 335 2213 tatio
382 2164 735 2228 Philosophioa
783 2164 833 2209 in
875 2162 1016 2216 Aula,
1055 2160 1194 2225 eujus
1235 2164 1399 2209 senior

215 2245 514 2292 Procurator
547 2245 610 2290 sit
646 2243 954 2297 moderator3
998 2244 1240 2306 primique
1278 2243 1394 2289 anni
