1504 2501
760 172 853 218 134

211 306 269 361 tii,
308 304 410 351 sive
443 318 533 367 per
566 308 794 358 mortem,
830 304 931 352 sive
968 304 1064 352 alio
1100 320 1394 369 quocunque

209 384 369 432 modo.
445 383 499 431 Si
524 400 638 431 vero
663 385 794 432 intra
822 385 1042 433 triduum
1074 385 1390 450 Praepositus,

208 472 257 513 et
274 463 448 528 major,
467 465 544 512 vel
568 464 742 512 saltem
767 466 965 528 aequalis
990 482 1102 530 pars
1130 466 1392 514 Sociorum

206 547 479 603 actualiter,
510 552 560 594 et
588 561 676 592 suo
705 543 819 607 jure
855 545 1114 593 Seniorum
1150 561 1251 593 una
1280 562 1392 593 cum

205 628 478 692 Praeposito
503 628 554 674 in
579 627 794 688 aliquem
821 625 1023 688 dignum
1050 642 1151 673 non
1187 642 1391 674 consen-

204 710 358 756 serint
394 708 534 773 (nam
572 708 804 756 Seniores
845 707 1012 754 Socios
1045 723 1133 770 pro
1166 714 1391 770 tempore

203 786 519 834 assumendos
562 803 588 834 e
634 786 793 833 Sociis
833 785 865 832 J
870 785 1123 832 unioribus
1171 785 1234 832 ad
1281 801 1391 849 sup-

200 868 438 932 plendum
463 883 726 914 numerum
753 867 1088 930 septenarium
1127 865 1387 913 Sociorum

202 949 466 997 Seniorum
487 949 537 994 in
562 948 657 994 hoc
681 962 798 994 casu
816 963 915 994 non
934 946 1263 1007 admittimus)
1282 954 1388 995 tum

199 1029 564 1077 devolutionem
615 1026 870 1074 electionis
913 1025 975 1073 ad
1017 1026 1387 1074 Cancellarium

198 1110 481 1158 Academiae
514 1111 686 1172 (quem
719 1107 1066 1154 constituimus
1094 1108 1386 1170 primarium

198 1190 520 1237 Visitatorem
546 1186 692 1250 hujus
717 1185 952 1250 Collegii)
984 1187 1091 1234 fieri
1128 1187 1383 1243 Volumus,

198 1277 246 1318 et-
274 1270 563 1318 Statuimus.

259 1350 407 1398 Diem
424 1366 539 1397 vero
554 1349 823 1396 Electionis
840 1349 1096 1397 Sociorum
1116 1348 1147 1395 J
1152 1349 1384 1396 uniorum

194 1447 251 1478 ac
266 1431 635 1495 Discipulorurn
650 1431 954 1492 assignamus
974 1431 1236 1492 quotannis
1252 1430 1384 1478 diem

196 1511 346 1558 Lunae
369 1518 480 1574 post
498 1511 814 1558 Dominicam
844 1510 1118 1566 Trinitatis,
1147 1512 1240 1557 nisi
1267 1527 1381 1558 con-

194 1591 357 1652 tigerit
375 1598 494 1637 tunc
514 1591 749 1653 temporis
766 1589 1152 1653 Praeposituram
1172 1607 1347 1639 vacare
1365 1612 1378 1651 3

193 1686 289 1732 quo
309 1686 426 1716 casu
444 1670 618 1716 electio
638 1670 878 1732 tantisper
894 1670 1239 1734 suspendatur,
1262 1671 1381 1719 dum

192 1766 348 1798 novus
374 1750 669 1814 Praepositus
694 1749 998 1797 admittatur.
1070 1750 1191 1798 Dies
1211 1759 1380 1799 autem

192 1848 280 1895 per
308 1831 502 1879 Statuta
526 1833 747 1893 requisiti
774 1831 833 1878 ad
859 1832 1091 1895 praeviam
1129 1833 1378 1879 examina-

190 1914 375 1960 tionem
398 1911 791 1960 Candidatorum
818 1912 1090 1968 Sociorum,
1111 1919 1258 1960 sunto
1275 1912 1377 1961 dies

191 1991 443 2047 Mercurii,
471 1991 503 2038 J
507 1992 624 2045 ovis,
649 1992 876 2048 Veneris,
905 1999 955 2039 et
977 1992 1181 2039 Sabbati
1207 1994 1378 2040 imme-

189 2071 322 2117 diate
363 2070 691 2133 praecedentes
732 2071 1049 2119 Dominicam
1098 2072 1371 2119 Trinitatis.

193 2149 276 2197 Ad
301 2152 718 2199 examinationem
754 2167 871 2199 vero
907 2168 1079 2199 eorum
1109 2153 1191 2214 qui
1215 2151 1373 2199 Disci-

187 2230 412 2295 pulatnm
449 2237 639 2293 petunt,
672 2238 977 2294 seponantur
999 2232 1120 2279 Dies
1143 2232 1295 2289 Jovis,
1324 2239 1373 2280 et

188 2311 398 2359 Veneris
423 2317 537 2357 ante
561 2310 879 2358 Dominicam
907 2312 1237 2360 Pentecostes.
