1458 2455
630 210 719 261 157

87 341 299 404 pecuniae
324 340 394 387 sic
426 339 657 403 depositae
682 338 813 403 apud
836 354 887 386 se
913 344 1183 393 conservet,
1209 343 1258 385 et

84 423 274 484 quoties
299 421 514 484 legitime
539 421 801 483 requisitus
820 419 968 467 fuerit
992 435 1099 467 eam
1126 419 1259 467 exhi-

85 502 211 550 beat

151 582 216 630 Et
240 598 353 630 cum
388 583 440 628 in
465 582 626 646 capite
651 582 878 629 vicesimo
903 582 1048 628 tertio
1064 588 1079 606 ³
1103 581 1259 644 provi-

86 680 192 712 sum
216 664 278 710 sit
301 670 356 711 ut
379 679 630 725 nunquam
667 678 814 726 supra
837 663 1033 710 tertiam
1070 667 1261 724 partem

90 744 346 791 Sociorum
373 744 449 791 vel
478 744 783 791 Scholarium
820 742 965 790 simul
985 758 1014 789 a
1039 741 1261 804 Collegio

87 822 254 870 abesse
270 823 485 886 patiatur
502 822 816 886 Praepositus‚
836 828 885 869 et
903 837 1031 877 curn,
1054 820 1263 868 durante

88 902 181 949 ista
203 903 459 949 vacatione
483 918 589 964 quae
614 903 810 948 initium
845 900 995 947 habet
1026 915 1160 947 nono
1184 899 1263 946 die

87 981 223 1037 Julii,
251 982 355 1029 haec
378 982 607 1029 limitatio
631 983 836 1028 minime
860 980 1137 1027 necessaria
1161 995 1264 1027 esse

88 1062 326 1118 videatur,
366 1063 590 1109 volumus
624 1063 773 1124 igitur
797 1067 847 1108 et
870 1060 1186 1108 concedimus
1211 1067 1266 1108 ut

91 1142 150 1190 de
174 1143 372 1204 reliquis
408 1150 601 1190 tantum
627 1143 744 1189 anni
775 1140 1078 1205 temporibus
1100 1140 1265 1188 locum

90 1222 271 1270 habere
316 1223 646 1285 intelligatur:
692 1223 886 1286 proviso
934 1228 1099 1269 tamen
1147 1228 1205 1269 ut
1239 1237 1266 1269 e

95 1302 251 1350 Sociis
276 1310 349 1351 tot
370 1320 565 1368 semper
600 1304 732 1351 domi
768 1309 1031 1367 praesentes
1064 1302 1263 1359 fuerint,

91 1391 211 1445 quot
233 1384 294 1432 ad
317 1385 514 1447 negotia
537 1383 745 1446 Collegii
771 1383 996 1430 obeunda
1014 1383 1269 1445 requirun-

93 1469 186 1509 tur.

158 1542 225 1589 Et
256 1558 366 1589 curn
394 1559 481 1606 per
505 1550 652 1607 caput
679 1542 989 1590 statutorum
1022 1542 1268 1590 decimum

93 1630 283 1671 sextum
328 1626 575 1688 provisum
623 1626 685 1671 sit
731 1631 785 1670 ut
830 1624 912 1685 qui
952 1624 1084 1670 intra
1123 1624 1269 1669 unius

95 1705 212 1750 anni
249 1705 461 1767 spatium
496 1719 650 1750 unum
683 1703 846 1750 locum
878 1717 1192 1749 communem
1218 1703 1269 1749 in

96 1783 295 1846 propria
318 1784 526 1846 persona
557 1799 658 1830 non
689 1783 986 1837 tractaverit,
1021 1788 1106 1828 aut
1141 1782 1270 1829 intra

97 1861 348 1909 biennium
375 1864 668 1926 opponentis
689 1870 736 1909 et
755 1861 1094 1925 respondentis
1113 1862 1269 1909 vicem

99 1943 150 1989 in
175 1942 583 2006 disputationibus
607 1943 892 2005 theologicis
916 1942 1141 1989 similiter
1169 1958 1271 1990 non

99 2021 288 2075 obierit,
331 2022 620 2083 quacunque
662 2022 721 2068 de
762 2020 909 2068 causa
944 2019 994 2067 id
1036 2022 1269 2076 evenerit,

101 2102 304 2165 collegio
328 2103 560 2165 privetur,
587 2107 779 2148 constat
797 2107 961 2147 autem
980 2099 1108 2162 quod
1127 2107 1271 2148 aucto

245 2282 258 2298 ²
273 2278 333 2314 An
354 2291 478 2321 error3
500 2276 631 2314 should
652 2278 698 2315 be
718 2276 926 2314 “vicesimo
946 2274 1143 2314 secundo?
