1504 2501
807 132 870 184 74

247 279 278 299 ‘⁶
303 272 421 319 undi
447 272 708 319 commissa
731 272 894 328 fuerit,
918 272 976 319 ea
991 272 1205 320 studiose
1229 271 1428 336 perfun-

245 359 274 380 ‘2
298 368 399 414 gar.
471 352 695 415 Collegii,
732 361 782 400 et
816 353 1119 415 singulorum
1152 355 1202 400 in
1239 370 1298 401 eo
1334 361 1431 401 stu-

244 440 273 459 “
299 433 540 489 dentium,
581 436 848 497 praesertim
885 434 1161 498 Praepositi,
1191 442 1239 482 et
1265 435 1429 482 Socio-

241 518 405 560 “rum
457 513 723 560 Seniorum
773 514 1000 568 salutem,
1038 522 1087 562 et
1122 515 1428 577 dignitatem,

243 600 272 620 ‘⁶
297 609 486 656 pacem,
510 599 560 640 et
580 594 895 640 commodum
923 610 1011 657 pro
1037 595 1162 640 virili
1189 594 1302 641 mea
1325 603 1431 641 tue-

242 678 272 697 “
296 671 399 727 bor,
428 679 477 719 et
500 672 792 736 procurabo.
832 672 1070 729 Consilia,
1100 681 1150 720 et
1172 675 1425 730 coitiones,

241 759 270 780 “
296 752 680 816 conjurationes,
731 761 780 801 et
826 754 1042 809 insidias,
1102 771 1210 816 quae
1256 761 1431 801 contra

237 846 268 865 “
293 854 638 901 quemcunque
669 839 719 885 in
746 839 970 900 Collegio
1005 839 1264 900 degentem
1285 840 1427 894 fium,

239 925 270 945 “
295 921 335 965 si
352 919 412 966 de
428 918 602 965 iisdem
622 934 919 981 cognovero,
937 920 1073 966 omni
1090 919 1299 966 honesta
1316 921 1430 966 rati-

237 1006 271 1028 “
295 1015 406 1056 one,
446 1006 686 1062 quantum
733 1007 923 1064 potero,
963 1000 1248 1064 impediam,
1288 1007 1337 1047 et
1372 1002 1431 1047 iis

236 1087 502 1143 “quorum
538 1081 778 1137 intererit,
816 1082 1080 1129 nunciabo.
1143 1081 1426 1145 Praeposito,

239 1169 269 1188 “
294 1163 344 1208 in
371 1161 601 1209 omnibus
628 1162 770 1210 licitis
796 1170 845 1210 et
865 1164 1098 1219 honestis,
1127 1163 1430 1226 promptissi-

238 1248 268 1268 “
294 1242 375 1288 ma
417 1242 673 1289 voluntate
709 1250 758 1290 et
789 1244 951 1290 studio
987 1243 1203 1307 parebo3
1233 1259 1290 1290 ac
1321 1259 1431 1306 pro-

239 1331 268 1350 “
292 1323 407 1370 inde
423 1323 664 1370 factiones
690 1331 864 1370 contra
889 1324 1233 1387 Praepositum,
1255 1331 1303 1370 et
1322 1339 1431 1386 par-

237 1410 268 1430 “
294 1405 417 1450 tium
466 1403 629 1449 studia
674 1419 928 1465 nunquam
986 1402 1136 1456 inibo,
1183 1418 1276 1449 nec
1318 1404 1431 1449 iniri

237 1492 266 1511 “
292 1466 593 1547 procurabo:
611 1483 696 1530 sed
721 1491 961 1545 quantum
987 1485 1036 1529 in
1059 1500 1140 1530 me
1159 1490 1232 1530 est
1248 1483 1426 1539 vitabo,

236 1570 266 1589 ‘⁴'
292 1569 342 1610 et
366 1578 429 1609 ne
459 1562 519 1609 ab
544 1562 651 1609 aliis
696 1564 943 1618 ineantur,
983 1570 1221 1624 quantum
1261 1564 1313 1608 in
1348 1579 1429 1609 me

235 1648 264 1669 “
291 1649 377 1698 est,
423 1642 707 1707 impediam,
764 1643 1000 1705 quamdiu
1045 1644 1212 1689 vixero
1249 1644 1299 1689 in
1336 1643 1430 1690 hoc

236 1731 265 1749 ‘⁶
291 1722 494 1770 mundo.
565 1723 856 1770 Studiorum
888 1724 999 1770 finis
1033 1725 1126 1770 erit
1150 1723 1272 1770 mihi
1299 1724 1429 1771 The-

234 1808 266 1830 “
293 1803 461 1865 ologiae
508 1802 762 1867 professio,
800 1810 856 1850 ut
899 1803 1137 1851 Ecclesiae
1181 1803 1279 1851 Dei
1320 1821 1429 1868 pro-

236 1892 267 1911 “
293 1885 431 1932 desse
466 1886 666 1948 possim,
704 1885 799 1931 nisi
848 1884 990 1932 aliter
1024 1884 1162 1932 Deus
1207 1892 1428 1933 mentem

238 1968 270 1991 “
294 1981 458 2012 meam
494 1964 728 2029 deinceps
769 1966 1099 2022 inclinaverit,
1139 1972 1226 2013 aut
1260 1967 1354 2013 nisi
1378 1968 1429 2013 in

239 2045 457 2092 “locum
505 2045 715 2102 Juristae,
764 2046 841 2093 vel
877 2046 1061 2094 Medici
1097 2048 1149 2093 in
1185 2047 1424 2109 CollegiO,

239 2133 270 2153 ‘⁶
294 2126 595 2182 nominatus,
623 2134 673 2174 et
697 2128 882 2175 electus
906 2128 1060 2175 fuero.
1135 2128 1192 2175 In
1218 2129 1428 2189 negotiis

242 2213 274 2234 “
300 2204 511 2267 Collegii
537 2207 940 2256 administrandis
960 2224 1062 2270 quae
1089 2208 1307 2256 curanda
1326 2223 1426 2255 stus-
