1458 2455
666 152 729 196 43

111 286 329 335 tentibus
362 285 505 332 dictae
530 298 691 346 nuper
714 281 920 342 Reginae
945 285 1000 326 ut
1036 276 1295 342 praefertur

108 363 440 423 mentionata)
472 362 640 417 libere,
669 367 719 408 et
741 361 875 407 licite
900 359 1032 414 dare,
1062 355 1291 410 vendere,

106 446 337 500 alienare,
359 443 539 505 legare,
578 441 655 489 vel
693 439 979 494 concedere,
1018 437 1217 484 valeant
1248 440 1297 481 et

107 527 312 590 possint,
339 540 428 571 seu
447 523 609 570 valeat
635 527 684 568 et
707 521 878 584 possit,
905 526 1008 566 tam
1039 517 1099 564 de
1125 514 1295 562 Feodo

107 622 196 653 suo
214 606 431 669 proprio,
459 619 606 665 quam
624 602 685 649 de
710 602 887 656 alieno,
915 600 1015 646 sive
1042 597 1102 644 de
1118 594 1292 651 Nobis,

109 687 405 741 Hei-edibuS,
442 687 519 734 vel
572 682 943 732 Successoribus
979 679 1174 733 nostriS,
1218 675 1295 723 vel

108 769 168 816 de
215 767 459 830 aliquibus
501 767 609 813 aliis
659 765 884 829 personis
922 761 1296 824 quibuscunque

108 853 392 904 teneantur,
418 845 567 893 modo
592 861 692 891 non
718 848 986 891 teneantur
1025 839 1086 887 de
1119 836 1293 890 Nobis,

108 927 407 983 Heredibus,
447 926 526 973 vel
562 923 934 973 Successoribus
972 921 1168 975 nostris,
1205 919 1296 964 im-

109 1005 325 1054 mediate
365 1007 416 1052 in
455 1004 649 1069 Capite,
684 1006 736 1051 in
784 1002 1066 1055 Dominico,
1117 998 1194 1046 vel
1246 998 1295 1043 in

116 1085 339 1141 Servitio,
393 1092 479 1133 aut
535 1085 594 1132 de
656 1084 824 1140 Nobis,
873 1080 1169 1132 Heredibus,
1222 1077 1298 1124 vel

116 1164 488 1212 Successoribus
524 1165 720 1219 nostris,
774 1169 860 1210 aut
906 1162 966 1208 de
1004 1159 1168 1221 aiiqua
1204 1158 1298 1204 alia

112 1244 354 1302 Persona,
379 1259 468 1308 per
508 1243 772 1291 Servitium
810 1241 1053 1288 militare:
1095 1237 1300 1286 Statutis

111 1325 372 1389 praedictis,
400 1324 461 1372 de
488 1323 657 1371 Terris
683 1329 732 1370 et
753 1321 1081 1370 Tenementis
1107 1318 1167 1366 ad
1194 1317 1299 1364 Ma-

113 1423 235 1454 num
281 1412 528 1454 mortuam
568 1420 670 1452 non
711 1402 968 1467 ponendis,
1009 1407 1096 1448 aut
1137 1400 1300 1461 aliquo

114 1488 211 1534 alio
231 1487 442 1543 Statuto,
470 1487 619 1543 Actu,
650 1484 995 1537 Ordinatione,
1026 1480 1104 1527 vel
1130 1480 1300 1527 Provi-

115 1571 268 1623 sione,
294 1571 345 1616 in
371 1570 677 1617 contrarium
702 1567 819 1614 inde
844 1582 947 1613 non
976 1563 1299 1611 obstantibus.

116 1652 183 1700 Et
227 1652 338 1708 hoc,
381 1652 563 1714 absque
611 1650 776 1712 aliqua
817 1649 1152 1710 inquisitione,
1201 1647 1301 1692 sive

118 1732 360 1794 aliquibus
419 1730 836 1794 inquisitionibus,
889 1728 1001 1775 inde
1060 1731 1302 1790 praetextu

120 1812 326 1875 alicujus
366 1813 543 1860 Brevis
575 1828 664 1860 seu
702 1810 944 1864 Mandati,
994 1807 1069 1854 vel
1117 1806 1302 1867 aliquo-

118 1908 228 1939 rum
244 1892 483 1939 Brevium
506 1891 583 1938 vel
599 1890 969 1944 Mandatorum,
986 1886 1301 1938 Nostrorum,

121 1971 394 2026 Heredum,
433 1970 510 2017 vel
541 1969 893 2016 Successorum
918 1972 1201 2014 nostrorum
1242 1964 1302 2011 de

120 2054 181 2101 ad
198 2052 329 2115 quod
339 2051 611 2105 Damnum,
633 2065 720 2096 seu
739 2045 945 2110 alicujus
965 2045 1091 2093 alius
1109 2044 1300 2100 Brevis,

125 2131 489 2185 ConcessioniS,
532 2129 775 2182 Mandati,
813 2129 913 2175 sive
951 2127 1212 2191 Praecepti,
1253 2126 1303 2172 in

121 2214 215 2261 hae
251 2218 390 2276 parte
413 2209 641 2264 faciendi,
672 2207 1013 2273 persequendi,
1058 2222 1147 2254 seu
1176 2206 1305 2269 capi-
