<?xml version="1.0" encoding="UTF-8"?>
<!DOCTYPE html PUBLIC "-//W3C//DTD XHTML 1.0 Transitional//EN"
    "http://www.w3.org/TR/xhtml1/DTD/xhtml1-transitional.dtd">
<html xmlns="http://www.w3.org/1999/xhtml" xml:lang="en" lang="en">
 <head>
  <title>
</title>
<meta http-equiv="Content-Type" content="text/html;charset=utf-8" />
  <meta name='ocr-system' content='tesseract 3.04.00' />
  <meta name='ocr-capabilities' content='ocr_page ocr_carea ocr_par ocr_line ocrx_word'/>
</head>
<body>
  <div class='ocr_page' id='page_1' title='image "./chartaeetstatuta00trinuoft_0104.png"; bbox 0 0 1504 2501; ppageno 0'>
   <div class='ocr_carea' id='block_1_1' title="bbox 773 181 835 225">
    <p class='ocr_par' dir='ltr' id='par_1_1' title="bbox 773 181 835 225">
     <span class='ocr_line' id='line_1_1' title="bbox 773 181 835 225; baseline 0 0"><span class='ocrx_word' id='word_1_1' title='bbox 773 181 835 225; x_wconf 75' lang='lat'>88</span> 
     </span>
    </p>
   </div>
   <div class='ocr_carea' id='block_1_2' title="bbox 189 308 1393 2306">
    <p class='ocr_par' dir='ltr' id='par_1_2' title="bbox 189 308 1393 2306">
     <span class='ocr_line' id='line_1_2' title="bbox 211 308 1390 373; baseline 0.004 -18"><span class='ocrx_word' id='word_1_2' title='bbox 211 309 400 357; x_wconf 82' lang='lat' dir='ltr'><strong>Idcirco</strong></span> <span class='ocrx_word' id='word_1_3' title='bbox 446 308 705 364; x_wconf 80' lang='lat' dir='ltr'><strong>Volumus,</strong></span> <span class='ocrx_word' id='word_1_4' title='bbox 742 316 797 358; x_wconf 92' lang='lat' dir='ltr'>ut</span> <span class='ocrx_word' id='word_1_5' title='bbox 832 311 1037 373; x_wconf 84' lang='lat' dir='ltr'>quilibet</span> <span class='ocrx_word' id='word_1_6' title='bbox 1070 311 1390 368; x_wconf 82' lang='lat' dir='ltr'>studentium,</span> 
     </span>
     <span class='ocr_line' id='line_1_3' title="bbox 209 391 1392 456; baseline 0.003 -17"><span class='ocrx_word' id='word_1_7' title='bbox 209 391 546 455; x_wconf 87' lang='lat' dir='ltr'>cujuscunque</span> <span class='ocrx_word' id='word_1_8' title='bbox 597 393 775 456; x_wconf 69' lang='lat' dir='ltr'>gradus</span> <span class='ocrx_word' id='word_1_9' title='bbox 811 401 860 441; x_wconf 93' lang='lat' dir='ltr'>et</span> <span class='ocrx_word' id='word_1_10' title='bbox 895 394 1192 442; x_wconf 88' lang='lat' dir='ltr'>conditionis</span> <span class='ocrx_word' id='word_1_11' title='bbox 1230 394 1392 449; x_wconf 89' lang='lat' dir='ltr'>fuerit,</span> 
     </span>
     <span class='ocr_line' id='line_1_4' title="bbox 209 473 1393 537; baseline 0.002 -17"><span class='ocrx_word' id='word_1_12' title='bbox 209 473 270 520; x_wconf 87' lang='lat' dir='ltr'>ad</span> <span class='ocrx_word' id='word_1_13' title='bbox 316 474 554 521; x_wconf 87' lang='lat' dir='ltr'>tuendam</span> <span class='ocrx_word' id='word_1_14' title='bbox 610 474 819 537; x_wconf 89' lang='lat' dir='ltr'>Collegii</span> <span class='ocrx_word' id='word_1_15' title='bbox 879 476 1296 537; x_wconf 80' lang='lat' dir='ltr'>existimationem</span> <span class='ocrx_word' id='word_1_16' title='bbox 1344 483 1393 522; x_wconf 90' lang='lat' dir='ltr'>et</span> 
     </span>
     <span class='ocr_line' id='line_1_5' title="bbox 206 555 1391 617; baseline -0.001 -16"><span class='ocrx_word' id='word_1_17' title='bbox 206 556 390 602; x_wconf 86' lang='lat' dir='ltr'>famam</span> <span class='ocrx_word' id='word_1_18' title='bbox 424 571 475 602; x_wconf 87' lang='lat' dir='ltr'>se</span> <span class='ocrx_word' id='word_1_19' title='bbox 509 556 747 617; x_wconf 85' lang='lat' dir='ltr'>accingat,</span> <span class='ocrx_word' id='word_1_20' title='bbox 793 561 892 602; x_wconf 87' lang='lat' dir='ltr'>tam</span> <span class='ocrx_word' id='word_1_21' title='bbox 934 555 1136 602; x_wconf 88' lang='lat' dir='ltr'>vitando</span> <span class='ocrx_word' id='word_1_22' title='bbox 1174 571 1246 610; x_wconf 87' lang='lat' dir='ltr'>ea,</span> <span class='ocrx_word' id='word_1_23' title='bbox 1289 571 1391 616; x_wconf 85' lang='lat' dir='ltr'>quae</span> 
     </span>
     <span class='ocr_line' id='line_1_6' title="bbox 205 634 1388 699; baseline -0.001 -17"><span class='ocrx_word' id='word_1_24' title='bbox 205 636 338 682; x_wconf 90' lang='lat' dir='ltr'>illam</span> <span class='ocrx_word' id='word_1_25' title='bbox 372 635 542 697; x_wconf 85' lang='lat' dir='ltr'>quovis</span> <span class='ocrx_word' id='word_1_26' title='bbox 577 634 724 682; x_wconf 92' lang='lat' dir='ltr'>modo</span> <span class='ocrx_word' id='word_1_27' title='bbox 756 634 940 682; x_wconf 89' lang='lat' dir='ltr'>violare</span> <span class='ocrx_word' id='word_1_28' title='bbox 977 651 1119 699; x_wconf 88' lang='lat' dir='ltr'>posse</span> <span class='ocrx_word' id='word_1_29' title='bbox 1157 634 1388 683; x_wconf 88' lang='lat' dir='ltr'>videbun-</span> 
     </span>
     <span class='ocr_line' id='line_1_7' title="bbox 203 713 1387 778; baseline 0.001 -17"><span class='ocrx_word' id='word_1_30' title='bbox 203 722 298 770; x_wconf 88' lang='lat' dir='ltr'>tur,</span> <span class='ocrx_word' id='word_1_31' title='bbox 327 729 474 776; x_wconf 89' lang='lat' dir='ltr'>quam</span> <span class='ocrx_word' id='word_1_32' title='bbox 500 714 558 759; x_wconf 89' lang='lat' dir='ltr'>iis</span> <span class='ocrx_word' id='word_1_33' title='bbox 593 713 960 777; x_wconf 82' lang='lat' dir='ltr'>persequendiS,</span> <span class='ocrx_word' id='word_1_34' title='bbox 999 730 1106 775; x_wconf 85' lang='lat' dir='ltr'>quae</span> <span class='ocrx_word' id='word_1_35' title='bbox 1144 715 1237 778; x_wconf 90' lang='lat' dir='ltr'>ipsi</span> <span class='ocrx_word' id='word_1_36' title='bbox 1274 731 1387 762; x_wconf 86' lang='lat' dir='ltr'>con-</span> 
     </span>
     <span class='ocr_line' id='line_1_8' title="bbox 202 793 1387 856; baseline 0.001 -15"><span class='ocrx_word' id='word_1_37' title='bbox 202 794 453 841; x_wconf 83' lang='lat' dir='ltr'>servandae</span> <span class='ocrx_word' id='word_1_38' title='bbox 478 800 527 840; x_wconf 91' lang='lat' dir='ltr'>et</span> <span class='ocrx_word' id='word_1_39' title='bbox 552 793 784 855; x_wconf 77' lang='lat' dir='ltr'>augendae</span> <span class='ocrx_word' id='word_1_40' title='bbox 816 794 1059 841; x_wconf 87' lang='lat' dir='ltr'>inservire</span> <span class='ocrx_word' id='word_1_41' title='bbox 1098 802 1296 856; x_wconf 86' lang='lat' dir='ltr'>queant,</span> <span class='ocrx_word' id='word_1_42' title='bbox 1338 802 1387 843; x_wconf 90' lang='lat' dir='ltr'>et</span> 
     </span>
     <span class='ocr_line' id='line_1_9' title="bbox 200 874 1382 937; baseline 0.001 -16"><span class='ocrx_word' id='word_1_43' title='bbox 200 882 255 921; x_wconf 92' lang='lat' dir='ltr'>ut</span> <span class='ocrx_word' id='word_1_44' title='bbox 279 881 452 921; x_wconf 86' lang='lat' dir='ltr'>contra</span> <span class='ocrx_word' id='word_1_45' title='bbox 477 874 711 920; x_wconf 77' lang='lat' dir='ltr'>facientes</span> <span class='ocrx_word' id='word_1_46' title='bbox 736 889 902 937; x_wconf 85' lang='lat' dir='ltr'>poenas</span> <span class='ocrx_word' id='word_1_47' title='bbox 927 875 1197 936; x_wconf 86' lang='lat' dir='ltr'>condignas</span> <span class='ocrx_word' id='word_1_48' title='bbox 1229 875 1382 922; x_wconf 87' lang='lat' dir='ltr'>luant.</span> 
     </span>
     <span class='ocr_line' id='line_1_10' title="bbox 201 952 1383 1015; baseline 0.001 -14"><span class='ocrx_word' id='word_1_49' title='bbox 201 954 477 1001; x_wconf 84' lang='lat' dir='ltr'>Statuimus</span> <span class='ocrx_word' id='word_1_50' title='bbox 511 954 673 1015; x_wconf 81' lang='lat' dir='ltr'>igitur,</span> <span class='ocrx_word' id='word_1_51' title='bbox 703 960 751 999; x_wconf 93' lang='lat' dir='ltr'>et</span> <span class='ocrx_word' id='word_1_52' title='bbox 777 952 1093 1008; x_wconf 89' lang='lat' dir='ltr'>Ordinamus,</span> <span class='ocrx_word' id='word_1_53' title='bbox 1131 961 1187 1001; x_wconf 91' lang='lat' dir='ltr'>ut</span> <span class='ocrx_word' id='word_1_54' title='bbox 1211 971 1383 1003; x_wconf 87' lang='lat' dir='ltr'>omnes</span> 
     </span>
     <span class='ocr_line' id='line_1_11' title="bbox 202 1034 1382 1097; baseline 0 -15"><span class='ocrx_word' id='word_1_55' title='bbox 202 1036 480 1091; x_wconf 82' lang='lat' dir='ltr'>Scholares,</span> <span class='ocrx_word' id='word_1_56' title='bbox 503 1036 585 1097; x_wconf 88' lang='lat' dir='ltr'>qui</span> <span class='ocrx_word' id='word_1_57' title='bbox 612 1035 886 1095; x_wconf 82' lang='lat' dir='ltr'>Magisterii</span> <span class='ocrx_word' id='word_1_58' title='bbox 910 1034 1116 1096; x_wconf 88' lang='lat' dir='ltr'>gradum</span> <span class='ocrx_word' id='word_1_59' title='bbox 1143 1051 1244 1081; x_wconf 90' lang='lat' dir='ltr'>non</span> <span class='ocrx_word' id='word_1_60' title='bbox 1268 1043 1382 1083; x_wconf 83' lang='lat' dir='ltr'>sunt</span> 
     </span>
     <span class='ocr_line' id='line_1_12' title="bbox 197 1116 1378 1181; baseline -0.001 -16"><span class='ocrx_word' id='word_1_61' title='bbox 197 1118 377 1181; x_wconf 78' lang='lat' dir='ltr'>adepti,</span> <span class='ocrx_word' id='word_1_62' title='bbox 421 1133 587 1164; x_wconf 87' lang='lat' dir='ltr'>coram</span> <span class='ocrx_word' id='word_1_63' title='bbox 631 1117 789 1163; x_wconf 82' lang='lat' dir='ltr'>Sociis</span> <span class='ocrx_word' id='word_1_64' title='bbox 830 1117 961 1163; x_wconf 85' lang='lat' dir='ltr'>intra</span> <span class='ocrx_word' id='word_1_65' title='bbox 998 1118 1118 1164; x_wconf 90' lang='lat' dir='ltr'>fines</span> <span class='ocrx_word' id='word_1_66' title='bbox 1154 1116 1378 1180; x_wconf 87' lang='lat' dir='ltr'>Collegii,</span> 
     </span>
     <span class='ocr_line' id='line_1_13' title="bbox 195 1196 1379 1260; baseline 0 -15"><span class='ocrx_word' id='word_1_67' title='bbox 195 1207 297 1246; x_wconf 86' lang='lat' dir='ltr'>tam</span> <span class='ocrx_word' id='word_1_68' title='bbox 324 1199 374 1245; x_wconf 90' lang='lat' dir='ltr'>in</span> <span class='ocrx_word' id='word_1_69' title='bbox 394 1199 520 1245; x_wconf 86' lang='lat' dir='ltr'>atrio</span> <span class='ocrx_word' id='word_1_70' title='bbox 545 1205 594 1244; x_wconf 91' lang='lat' dir='ltr'>et</span> <span class='ocrx_word' id='word_1_71' title='bbox 614 1196 727 1244; x_wconf 67' lang='lat' dir='ltr'>arefi</span> <span class='ocrx_word' id='word_1_72' title='bbox 753 1197 977 1260; x_wconf 87' lang='lat' dir='ltr'>Collegii,</span> <span class='ocrx_word' id='word_1_73' title='bbox 1006 1214 1153 1260; x_wconf 87' lang='lat' dir='ltr'>quam</span> <span class='ocrx_word' id='word_1_74' title='bbox 1179 1199 1230 1245; x_wconf 93' lang='lat' dir='ltr'>in</span> <span class='ocrx_word' id='word_1_75' title='bbox 1254 1198 1379 1245; x_wconf 68' lang='lat' dir='ltr'>Aula</span> 
     </span>
     <span class='ocr_line' id='line_1_14' title="bbox 196 1278 1376 1340; baseline -0.001 -14"><span class='ocrx_word' id='word_1_76' title='bbox 196 1286 245 1326; x_wconf 91' lang='lat' dir='ltr'>et</span> <span class='ocrx_word' id='word_1_77' title='bbox 269 1278 520 1332; x_wconf 86' lang='lat' dir='ltr'>cubiculis,</span> <span class='ocrx_word' id='word_1_78' title='bbox 540 1278 759 1325; x_wconf 80' lang='lat' dir='ltr'>modeste</span> <span class='ocrx_word' id='word_1_79' title='bbox 780 1285 829 1326; x_wconf 93' lang='lat' dir='ltr'>et</span> <span class='ocrx_word' id='word_1_80' title='bbox 848 1278 1102 1326; x_wconf 86' lang='lat' dir='ltr'>humiliter</span> <span class='ocrx_word' id='word_1_81' title='bbox 1120 1294 1170 1326; x_wconf 89' lang='lat' dir='ltr'>se</span> <span class='ocrx_word' id='word_1_82' title='bbox 1187 1286 1376 1340; x_wconf 85' lang='lat' dir='ltr'>gerant,</span> 
     </span>
     <span class='ocr_line' id='line_1_15' title="bbox 195 1357 1378 1422; baseline -0.001 -16"><span class='ocrx_word' id='word_1_83' title='bbox 195 1358 437 1422; x_wconf 86' lang='lat' dir='ltr'>capitibus</span> <span class='ocrx_word' id='word_1_84' title='bbox 498 1357 771 1404; x_wconf 88' lang='lat' dir='ltr'>denudatis.</span> <span class='ocrx_word' id='word_1_85' title='bbox 866 1357 1193 1420; x_wconf 87' lang='lat' dir='ltr'>Eandemque</span> <span class='ocrx_word' id='word_1_86' title='bbox 1248 1358 1378 1406; x_wconf 90' lang='lat' dir='ltr'>debi-</span> 
     </span>
     <span class='ocr_line' id='line_1_16' title="bbox 194 1438 1377 1503; baseline 0.002 -18"><span class='ocrx_word' id='word_1_87' title='bbox 194 1447 295 1486; x_wconf 86' lang='lat' dir='ltr'>tam</span> <span class='ocrx_word' id='word_1_88' title='bbox 312 1440 658 1494; x_wconf 86' lang='lat' dir='ltr'>reverentiam‚</span> <span class='ocrx_word' id='word_1_89' title='bbox 684 1438 904 1486; x_wconf 80' lang='lat' dir='ltr'>exhiberi</span> <span class='ocrx_word' id='word_1_90' title='bbox 919 1455 1116 1503; x_wconf 87' lang='lat' dir='ltr'>semper</span> <span class='ocrx_word' id='word_1_91' title='bbox 1133 1439 1377 1487; x_wconf 83' lang='lat' dir='ltr'>Volumus</span> 
     </span>
     <span class='ocr_line' id='line_1_17' title="bbox 195 1518 1376 1583; baseline 0 -18"><span class='ocrx_word' id='word_1_92' title='bbox 195 1520 468 1583; x_wconf 82' lang='lat' dir='ltr'>Praeposito</span> <span class='ocrx_word' id='word_1_93' title='bbox 496 1520 723 1582; x_wconf 81' lang='lat' dir='ltr'>praesenti</span> <span class='ocrx_word' id='word_1_94' title='bbox 759 1519 819 1566; x_wconf 91' lang='lat' dir='ltr'>ab</span> <span class='ocrx_word' id='word_1_95' title='bbox 850 1519 1079 1566; x_wconf 86' lang='lat' dir='ltr'>omnibus</span> <span class='ocrx_word' id='word_1_96' title='bbox 1124 1518 1376 1583; x_wconf 80' lang='lat' dir='ltr'>Studenti-</span> 
     </span>
     <span class='ocr_line' id='line_1_18' title="bbox 193 1598 1376 1655; baseline 0.001 -10"><span class='ocrx_word' id='word_1_97' title='bbox 193 1600 296 1654; x_wconf 88' lang='lat' dir='ltr'>bus,</span> <span class='ocrx_word' id='word_1_98' title='bbox 327 1606 376 1646; x_wconf 89' lang='lat' dir='ltr'>et</span> <span class='ocrx_word' id='word_1_99' title='bbox 404 1598 737 1655; x_wconf 83' lang='lat' dir='ltr'>Scholaribus,</span> <span class='ocrx_word' id='word_1_100' title='bbox 767 1607 816 1647; x_wconf 89' lang='lat' dir='ltr'>et</span> <span class='ocrx_word' id='word_1_101' title='bbox 841 1599 1290 1655; x_wconf 84' lang='lat' dir='ltr'>Commensalibus,</span> <span class='ocrx_word' id='word_1_102' title='bbox 1328 1607 1376 1647; x_wconf 92' lang='lat' dir='ltr'>et</span> 
     </span>
     <span class='ocr_line' id='line_1_19' title="bbox 194 1679 1374 1742; baseline 0.001 -16"><span class='ocrx_word' id='word_1_103' title='bbox 194 1680 352 1727; x_wconf 83' lang='lat' dir='ltr'>Sociis</span> <span class='ocrx_word' id='word_1_104' title='bbox 405 1686 506 1726; x_wconf 90' lang='lat' dir='ltr'>tam</span> <span class='ocrx_word' id='word_1_105' title='bbox 560 1679 847 1737; x_wconf 85' lang='lat' dir='ltr'>senioribus,</span> <span class='ocrx_word' id='word_1_106' title='bbox 896 1697 1043 1742; x_wconf 91' lang='lat' dir='ltr'>quam</span> <span class='ocrx_word' id='word_1_107' title='bbox 1079 1679 1374 1742; x_wconf 77' lang='lat' dir='ltr'>junioribUS,</span> 
     </span>
     <span class='ocr_line' id='line_1_20' title="bbox 192 1759 1375 1822; baseline 0.001 -15"><span class='ocrx_word' id='word_1_108' title='bbox 192 1759 339 1807; x_wconf 87' lang='lat' dir='ltr'>modo</span> <span class='ocrx_word' id='word_1_109' title='bbox 364 1775 464 1806; x_wconf 87' lang='lat' dir='ltr'>non</span> <span class='ocrx_word' id='word_1_110' title='bbox 491 1760 588 1806; x_wconf 83' lang='lat' dir='ltr'>sint</span> <span class='ocrx_word' id='word_1_111' title='bbox 612 1759 854 1808; x_wconf 85' lang='lat' dir='ltr'>Doctores</span> <span class='ocrx_word' id='word_1_112' title='bbox 879 1762 929 1807; x_wconf 87' lang='lat' dir='ltr'>in</span> <span class='ocrx_word' id='word_1_113' title='bbox 955 1760 1119 1822; x_wconf 72' lang='lat' dir='ltr'>aliqua</span> <span class='ocrx_word' id='word_1_114' title='bbox 1141 1760 1375 1808; x_wconf 86' lang='lat' dir='ltr'>facultate</span> 
     </span>
     <span class='ocr_line' id='line_1_21' title="bbox 191 1840 1373 1905; baseline -0.001 -17"><span class='ocrx_word' id='word_1_115' title='bbox 191 1841 455 1888; x_wconf 84' lang='lat' dir='ltr'>constituti.</span> <span class='ocrx_word' id='word_1_116' title='bbox 508 1840 754 1887; x_wconf 83' lang='lat' dir='ltr'>Volumus</span> <span class='ocrx_word' id='word_1_117' title='bbox 779 1843 993 1905; x_wconf 89' lang='lat' dir='ltr'>insuper,</span> <span class='ocrx_word' id='word_1_118' title='bbox 1022 1848 1077 1888; x_wconf 92' lang='lat' dir='ltr'>ut</span> <span class='ocrx_word' id='word_1_119' title='bbox 1101 1841 1373 1904; x_wconf 86' lang='lat' dir='ltr'>Praeposito</span> 
     </span>
     <span class='ocr_line' id='line_1_22' title="bbox 191 1921 1371 1983; baseline -0.001 -15"><span class='ocrx_word' id='word_1_120' title='bbox 191 1937 535 1983; x_wconf 88' lang='lat' dir='ltr'>quemcunque</span> <span class='ocrx_word' id='word_1_121' title='bbox 561 1922 723 1968; x_wconf 86' lang='lat' dir='ltr'>locum</span> <span class='ocrx_word' id='word_1_122' title='bbox 745 1924 1019 1969; x_wconf 74' lang='lat' dir='ltr'>conventus</span> <span class='ocrx_word' id='word_1_123' title='bbox 1061 1921 1371 1983; x_wconf 87' lang='lat' dir='ltr'>ingredienti,</span> 
     </span>
     <span class='ocr_line' id='line_1_23' title="bbox 191 2001 1372 2066; baseline -0.001 -18"><span class='ocrx_word' id='word_1_124' title='bbox 191 2018 362 2048; x_wconf 88' lang='lat' dir='ltr'>omnes</span> <span class='ocrx_word' id='word_1_125' title='bbox 405 2009 676 2063; x_wconf 85' lang='lat' dir='ltr'>assurgant,</span> <span class='ocrx_word' id='word_1_126' title='bbox 722 2018 815 2049; x_wconf 88' lang='lat' dir='ltr'>nec</span> <span class='ocrx_word' id='word_1_127' title='bbox 856 2001 1036 2049; x_wconf 85' lang='lat' dir='ltr'>alicubi</span> <span class='ocrx_word' id='word_1_128' title='bbox 1084 2007 1372 2066; x_wconf 84' lang='lat' dir='ltr'>praesentem</span> 
     </span>
     <span class='ocr_line' id='line_1_24' title="bbox 189 2081 1369 2146; baseline 0 -19"><span class='ocrx_word' id='word_1_129' title='bbox 189 2084 295 2128; x_wconf 88' lang='lat' dir='ltr'>sine</span> <span class='ocrx_word' id='word_1_130' title='bbox 313 2081 472 2143; x_wconf 67' lang='lat' dir='ltr'>aliqua</span> <span class='ocrx_word' id='word_1_131' title='bbox 487 2084 706 2146; x_wconf 85' lang='lat' dir='ltr'>corporis</span> <span class='ocrx_word' id='word_1_132' title='bbox 724 2082 1045 2131; x_wconf 84' lang='lat' dir='ltr'>inclinatione</span> <span class='ocrx_word' id='word_1_133' title='bbox 1061 2087 1369 2146; x_wconf 79' lang='lat' dir='ltr'>praetereant.</span> 
     </span>
     <span class='ocr_line' id='line_1_25' title="bbox 189 2160 1367 2224; baseline -0.002 -16"><span class='ocrx_word' id='word_1_134' title='bbox 189 2160 349 2208; x_wconf 64' lang='lat' dir='ltr'>Remo</span> <span class='ocrx_word' id='word_1_135' title='bbox 375 2161 594 2208; x_wconf 85' lang='lat' dir='ltr'>nondum</span> <span class='ocrx_word' id='word_1_136' title='bbox 619 2162 887 2224; x_wconf 83' lang='lat' dir='ltr'>graduatus</span> <span class='ocrx_word' id='word_1_137' title='bbox 912 2164 963 2209; x_wconf 86' lang='lat' dir='ltr'>in</span> <span class='ocrx_word' id='word_1_138' title='bbox 998 2162 1169 2210; x_wconf 89' lang='lat' dir='ltr'>urbem</span> <span class='ocrx_word' id='word_1_139' title='bbox 1212 2167 1367 2216; x_wconf 84' lang='lat' dir='ltr'>exeat,</span> 
     </span>
     <span class='ocr_line' id='line_1_26' title="bbox 189 2241 1371 2306; baseline -0.001 -15"><span class='ocrx_word' id='word_1_140' title='bbox 189 2244 283 2291; x_wconf 86' lang='lat' dir='ltr'>nisi</span> <span class='ocrx_word' id='word_1_141' title='bbox 311 2241 513 2290; x_wconf 87' lang='lat' dir='ltr'>Tutoris</span> <span class='ocrx_word' id='word_1_142' title='bbox 538 2245 779 2306; x_wconf 84' lang='lat' dir='ltr'>permissu</span> <span class='ocrx_word' id='word_1_143' title='bbox 803 2244 1076 2306; x_wconf 86' lang='lat' dir='ltr'>significato</span> <span class='ocrx_word' id='word_1_144' title='bbox 1100 2242 1189 2291; x_wconf 85' lang='lat' dir='ltr'>sub</span> <span class='ocrx_word' id='word_1_145' title='bbox 1220 2243 1371 2306; x_wconf 88' lang='lat' dir='ltr'>ipsius</span> 
     </span>
    </p>
   </div>
  </div>
 </body>
</html>
