1504 2501
775 209 864 252 154

222 333 461 383 librorum
484 351 707 393 numero,
733 336 869 385 brevi
892 337 1112 385 futurum
1138 338 1200 384 sit
1222 343 1278 385 ut
1301 337 1404 401 plu-

223 417 354 464 rium
379 432 498 464 cura
528 419 820 480 requiretur,
854 419 1011 466 visum
1038 424 1111 466 est
1142 419 1290 480 igitur
1319 433 1405 465 no-

225 496 298 544 bis
322 503 619 561 potestatem
652 497 921 546 concedere
947 498 1216 562 Praeposito
1241 503 1290 544 et
1318 497 1404 545 So-

227 577 313 623 ciis
342 577 639 633 Senioribus,
667 593 779 625 cum
801 593 1044 625 consensu
1063 577 1405 631 Visitatorum,

221 656 348 705 vduos
364 657 439 705 vel
455 657 634 722 plureS,
652 658 1042 720 quandocunque
1057 673 1134 705 res
1150 657 1199 704 id
1214 657 1408 719 exigere

227 738 485 794 videbitur,
525 738 752 801 eligendi,
796 740 879 800 qui
920 737 1306 785 Bibliothecario
1337 751 1409 782 as-

226 819 416 874 sistant,
466 834 646 881 eosque
684 817 972 881 juramento
1014 818 1076 865 ad
1122 818 1286 865 officia
1321 832 1410 863 sua

226 897 438 944 fideliter
461 897 735 944 exercenda
769 896 1121 958 obstringendi,
1151 903 1297 958 atque
1325 895 1409 943 Sa-

228 977 408 1025 larium
434 977 670 1025 idoneum
706 978 1047 1041 persolvendi3
1075 977 1299 1025 volumus
1329 992 1412 1024 au-

229 1064 330 1106 tem
356 1065 405 1106 et
429 1060 690 1106 statuimus
714 1060 838 1106 utin
866 1066 1117 1123 posterum
1142 1057 1412 1105 Bibliothe-

231 1142 393 1188 carius
424 1139 627 1204 ejusque
662 1142 943 1189 assistentes
968 1157 994 1188 e
1022 1141 1180 1189 Sociis
1220 1156 1415 1204 semper

234 1222 491 1284 eligantur.

298 1301 366 1348 Et
389 1317 501 1348 cum
527 1317 616 1364 per
651 1301 961 1348 Statutorum
1003 1307 1152 1365 caput
1188 1300 1415 1348 duodeci-

237 1396 375 1428 mum
416 1382 668 1444 provisum
710 1383 774 1428 sit
809 1387 864 1428 ut
896 1396 1044 1428 nemo
1086 1382 1138 1427 in
1169 1381 1415 1445 Viceprae-

235 1462 450 1524 positum
494 1461 703 1524 eligatur
737 1462 831 1508 nisi
869 1461 1208 1508 consentiente
1249 1467 1299 1508 et
1335 1476 1417 1524 ap-

235 1538 475 1603 probante
506 1539 789 1604 Praeposito,
823 1541 929 1587 fieri
968 1546 1135 1587 autem
1169 1545 1330 1603 potest
1362 1545 1417 1586 ut

236 1619 437 1667 absente
475 1621 552 1668 vel
582 1622 796 1681 graviter
829 1626 1098 1684 aegrotante
1129 1620 1414 1684 Praeposito,

237 1701 373 1747 locus
394 1699 765 1764 Vicepraepositi
784 1700 859 1748 vel
878 1701 1209 1762 resignatione
1228 1700 1303 1747 vel
1323 1700 1419 1747 alio

238 1780 408 1840 quovis
432 1780 580 1828 modo
610 1782 869 1835 vacaverit,
900 1781 1032 1829 unde
1062 1781 1218 1828 multa
1242 1787 1291 1828 et
1313 1796 1420 1843 gra-

239 1859 318 1905 via
355 1859 670 1907 incommoda
712 1860 936 1923 Collegio
977 1861 1244 1918 evenirent,
1286 1861 1420 1908 volu-

240 1953 350 1984 mus
387 1939 535 2001 igitur
565 1945 614 1986 et
641 1941 917 1996 statuimus,
948 1946 1016 1997 ut,
1051 1940 1290 2002 siquando
1326 1941 1421 1989 hoc

245 2020 441 2067 evenire
487 2021 762 2083 contigerit,
812 2021 960 2069 liceat
1005 2028 1054 2069 et
1090 2021 1215 2069 bene
1256 2020 1422 2069 licebit

248 2097 405 2145 Sociis
456 2099 658 2164 Septem
713 2103 928 2151 maxime
984 2102 1271 2150 Senioribus
1315 2108 1422 2149 tum

245 2176 380 2224 domi
414 2181 750 2242 praesentibus,
779 2189 864 2230 aut
889 2181 1064 2246 majori
1088 2184 1215 2247 parti
1251 2198 1424 2230 eorun-

246 2257 375 2315 dem,
413 2275 567 2309 unum
594 2277 655 2310 ex
683 2262 835 2311 Sociis
872 2279 960 2311 suo
987 2261 1101 2327 jure
1141 2262 1421 2311 Senioribus
