1504 2501
786 187 878 230 144

240 314 535 362 Visitatione
561 320 827 378 comperta,
846 313 1115 362 secundum
1137 314 1417 370 criminum,

239 411 543 451 excessuum,
572 394 878 450 delictorum,
922 401 972 441 et
1007 394 1415 456 negligentiarum

237 475 525 537 qualitatem
551 480 600 520 et
624 474 938 535 exigentiam,
976 480 1025 521 et
1057 471 1205 536 juxta
1241 473 1417 520 horum

242 555 552 602 Statutorum
592 560 831 608 tenorem,
868 553 1028 600 debite
1053 554 1244 617 punire,
1273 558 1322 600 et
1344 568 1418 599 re-

236 634 465 688 formare,
505 639 591 679 aut
632 639 685 679 ut
720 634 990 696 puniantur
1009 640 1059 680 et
1087 633 1419 680 reformentur

237 731 325 779 per
355 715 699 778 Praepositum,
731 713 806 761 vel
838 730 1045 775 quorum
1083 715 1298 768 interest,
1337 728 1419 760 cu-

234 810 360 849 rare,
389 800 660 854 caeteraque
685 793 853 839 omnia
878 800 927 840 et
950 793 1143 855 singula
1165 792 1337 844 facere,
1370 798 1419 838 et

237 889 482 929 exercere,
518 889 620 934 quae
660 872 722 919 ad
758 888 930 919 eorum
974 874 1332 919 correctionem
1371 877 1419 917 et

233 954 638 1003 reformationem
675 959 790 999 sunt
821 954 1112 1008 necessaria,
1142 958 1227 999 aut
1251 952 1420 1014 quovis

235 1034 382 1082 modo
415 1040 709 1097 opportuna,
744 1034 937 1080 etiamsi
962 1034 1081 1080 illud
1106 1033 1167 1080 ad
1191 1033 1419 1097 privatio-

234 1130 342 1162 nem
362 1129 448 1160 seu
464 1114 766 1160 amotionem
783 1112 1053 1176 Praepositi,
1071 1111 1419 1176 Vicepraeposi-

230 1195 283 1249 ti,
297 1199 382 1240 aut
399 1192 599 1238 alterius
611 1190 960 1254 cujuscunque,
973 1191 1033 1239 ab
1043 1190 1424 1238 administratio-

231 1291 294 1322 ne
314 1274 390 1321 vel
406 1275 582 1328 officio,
601 1289 688 1320 seu
710 1273 771 1320 ad
796 1275 1098 1321 amotionem
1116 1271 1258 1336 alicuj
1268 1288 1321 1319 us
1336 1272 1422 1320 So-

234 1356 312 1410 cii,
339 1353 603 1409 Scholaris,
623 1353 698 1399 vel
724 1352 969 1416 Discipuli
989 1353 1049 1400 ab
1078 1354 1171 1401 hoc
1196 1353 1418 1416 Collegio

235 1437 299 1499 (si
323 1443 485 1483 tamen
512 1434 606 1480 hoc
632 1434 790 1497 ipsum
833 1434 1031 1481 Statuta
1068 1434 1278 1496 Collegii
1320 1435 1415 1481 exi·

233 1515 375 1579 gant)
424 1515 692 1580 procedere
737 1517 1023 1577 contingat3
1071 1515 1165 1563 hoc
1218 1516 1417 1562 interim

235 1611 430 1659 semper
477 1596 671 1658 proviso
717 1593 865 1656 juxta
919 1602 1143 1642 tenorem
1198 1595 1413 1652 Chartae,

234 1675 365 1737 quod
390 1690 482 1722 nec
520 1675 568 1720 in
609 1673 1042 1738 deprivationibus‚
1082 1692 1175 1723 nec
1216 1677 1267 1723 in
1306 1676 1417 1724 ullis

232 1754 536 1818 gravioribus
577 1753 785 1816 Collegii
819 1756 1043 1817 negotiis,
1099 1755 1282 1818 aliquid
1330 1772 1417 1803 un-

234 1852 382 1899 quam
429 1836 515 1882 fiat
563 1836 668 1882 sine
716 1835 1071 1899 approbatione
1118 1836 1416 1884 Cancellarii

233 1916 516 1964 Academiae
547 1918 717 1979 (quem
749 1917 1094 1964 constituimus
1125 1919 1414 1982 primarium

235 1994 556 2042 Visitatorem
585 1992 731 2057 hujus
757 1994 992 2057 Collegii)
1019 2003 1104 2043 aut
1127 1997 1167 2043 si
1192 1997 1292 2053 fiat,
1325 2012 1413 2060 pro

233 2076 372 2122 irrito
412 2075 667 2122 habeatur.
745 2075 1020 2123 Statuimus
1050 2078 1215 2132 etiam,
1251 2082 1300 2123 et
1325 2074 1415 2122 Or-

233 2154 475 2208 dinamus,
531 2162 586 2201 ut
638 2155 822 2219 praefati
876 2156 1183 2213 visitatores,
1239 2162 1415 2220 praeter

235 2235 363 2281 hanc
389 2233 705 2290 ordinariam,
735 2251 822 2283 seu
849 2237 1163 2285 triennialem
1190 2235 1407 2282 Visitati-
