1458 2455
636 186 729 234 135

161 319 307 375 Quod
331 334 446 366 vero
471 317 532 365 ad
559 317 940 381 Praeposituram
968 317 1176 381 Collegii
1207 325 1276 367 at·

95 400 250 459 tinet3
289 414 401 445 cum
426 397 704 459 Collegium
741 397 836 444 hoc
870 398 933 444 sit
967 404 1127 445 mater
1150 398 1275 446 Uni-

94 480 348 535 versitatis,
370 485 420 526 et
443 479 645 526 unicum
675 479 813 525 istius
836 480 974 540 regni
997 499 1010 538 3
1038 479 1150 527 ideo
1175 478 1277 527 Nos

95 575 184 623 pro
203 560 261 607 ea
279 559 398 606 cura
413 574 562 620 quam
580 557 879 619 singularem
899 558 1138 605 habemus
1163 575 1280 622 erga

99 640 380 687 universum
414 653 622 700 regnum
652 637 916 693 Hiberniae,
951 645 1000 685 et
1032 638 1279 703 praecipue

99 737 213 783 erga
234 719 509 782 Collegium
534 718 840 782 praedictum,
867 719 1280 774 nominationem,

99 807 148 848 et
187 799 479 847 electionem
507 799 761 862 Praepositi
782 798 947 845 idonei
972 798 1033 846 ad
1059 801 1280 862 regimen

101 881 310 942 Collegii
338 880 533 943 (utpote
560 895 741 925 munus
776 880 979 925 maximi
1016 881 1281 940 momenti)

100 960 372 1013 Nobismet‚
393 958 698 1012 Haeredibus,
717 966 765 1006 et
785 960 1156 1007 Successoribus
1174 977 1283 1009 nos-

102 1042 190 1089 tris
213 1056 519 1088 reservamus
545 1041 595 1086 in
619 1046 930 1103 perpetuum.
1001 1040 1067 1087 Et
1101 1041 1285 1090 idcirco

105 1120 363 1175 Volumus,
403 1126 451 1166 et
481 1118 794 1173 Mandamus,
817 1125 866 1165 et
894 1119 1286 1182 quandocunque

106 1209 154 1249 et
168 1200 610 1263 quomodocunque
626 1200 888 1261 contigerit
903 1199 1288 1264 praeposituram

106 1282 223 1329 dicti
257 1281 467 1343 Collegii
503 1296 693 1335 vacare,
720 1286 776 1327 ut
800 1279 1212 1344 Vicepraepositus
1237 1283 1289 1329 in

107 1362 328 1424 Collegio
364 1378 453 1425 pro
489 1368 712 1425 tempore
747 1362 956 1408 existens
993 1361 1093 1424 (vel
1126 1378 1185 1409 eo
1210 1362 1290 1410 ab·

107 1449 260 1497 sente,
293 1441 462 1488 Socius
486 1442 701 1487 maxime
732 1441 911 1496 senior,
939 1447 988 1488 et
1012 1441 1145 1488 domi
1171 1459 1291 1506 prae-

108 1527 244 1581 sens)
273 1522 581 1568 vacationem
617 1521 783 1567 statim
819 1521 1060 1582 significet
1085 1521 1292 1570 Cancel-

109 1602 232 1649 lario
279 1601 575 1657 Academiae,
625 1607 675 1647 et
721 1600 1062 1648 Cancellarius
1110 1602 1291 1665 absque

112 1680 251 1728 mora
282 1679 541 1726 Nobismet
572 1681 688 1742 ipsis
724 1681 996 1735 renunciet,
1035 1687 1089 1728 ut
1125 1698 1292 1742 quam-

111 1762 326 1826 primum
353 1776 382 1806 a
407 1759 557 1806 Nobis
588 1761 693 1807 fieri
729 1761 896 1823 possit,
925 1761 1149 1822 Collegio
1184 1779 1293 1826 pro-

113 1839 336 1888 videatur
370 1838 430 1885 de
466 1839 645 1887 idoneo
682 1840 874 1904 Capite.
948 1841 1063 1888 Post
1099 1843 1293 1892 electio-

114 1936 229 1968 nem
276 1920 390 1966 novi
440 1918 691 1982 Praepositi
732 1936 762 1966 a
804 1919 958 1966 Nobis
1004 1921 1199 1979 factam,
1244 1931 1293 1972 et

117 1998 501 2063 Vicepraeposito
519 1997 727 2059 Collegii
744 1999 1084 2061 significatam,
1098 2001 1290 2051 Electio

114 2094 232 2126 mox
254 2077 585 2142 publicabitur
609 2094 638 2125 a
663 2078 1062 2142 Vicepraeposito,
1090 2085 1291 2132 nomine

115 2159 285 2222 Regiae
309 2156 599 2220 Maiestatis,
626 2163 674 2204 et
698 2174 853 2206 novus
879 2159 1193 2224 PraepositUS,
1221 2166 1291 2212 sic

117 2245 196 2304 (ut
219 2236 499 2303 praefertur)
534 2237 732 2294 electus,
760 2240 973 2304 praestito
1010 2244 1289 2308 praescripto
