1458 2455
667 203 757 247 123

112 332 238 379 sulto
281 332 537 391 omiserit3
586 333 763 396 primo,
822 340 1104 382 commeatu
1149 335 1295 381 unius

112 411 432 459 hebdomadae
455 432 468 471 3
531 413 764 469 secundo,
827 413 1037 461 duorum
1060 434 1073 473 3
1128 415 1291 470 tertio,

108 491 282 550 trium;
301 497 490 553 quarto,
509 507 599 555 pro
615 492 816 540 arbitrio
837 493 1110 557 Praepositi,
1130 501 1179 541 et
1193 509 1294 540 ma-

101 569 224 632 joris
256 572 410 634 partis
439 571 698 618 Seniorum
724 573 975 636 puniatur.
1031 572 1293 639 Sociorum

105 650 322 712 singulis,
342 650 574 698 absentiae
593 652 710 708 dies,
723 653 977 714 sexaginta
996 658 1111 708 tres,
1133 651 1294 698 Disci-

106 730 334 793 pulorum
367 736 533 777 autem
556 731 775 793 singulis,
807 732 1012 793 triginta
1045 730 1183 786 duos,
1213 731 1291 778 vel

103 811 377 866 continuos,
389 811 463 858 vel
474 812 810 876 interpolatos,
825 811 1043 874 quolibet
1055 827 1202 868 anno,
1216 812 1290 858 in-

103 888 643 951 cipiendoaDominica
662 890 938 946 Trinitatis,
953 890 1287 938 concedimus.

102 969 494 1024 Praelectoribus,
506 986 637 1027 vero,
656 976 705 1018 et
721 969 1122 1018 Officiariisidem
1128 969 1209 1031 jus
1222 986 1292 1017 es-

102 1057 168 1105 to,
196 1050 344 1097 modo
362 1051 578 1097 officium
601 1065 744 1097 suum
764 1065 854 1113 per
872 1049 1024 1096 alium
1046 1051 1289 1097 sufficien-

100 1138 202 1176 tem
220 1129 527 1193 deputatum,
553 1145 581 1176 a
600 1129 889 1193 Praeposito,
906 1129 982 1177 vel
999 1145 1058 1176 eo
1069 1129 1286 1186 absente,

100 1208 487 1272 Vicepraeposito
504 1208 893 1272 approbandum,
916 1210 1138 1272 praestari
1150 1225 1288 1256 cura-

98 1290 270 1336 verint.
327 1289 491 1344 Quam
517 1297 684 1336 tamen
721 1290 971 1337 licentiam
999 1291 1069 1337 ita
1095 1290 1286 1354 Praepo-

97 1368 243 1414 situm
299 1368 545 1415 moderari
600 1368 882 1424 Volumus,²
926 1375 982 1415 ut
1026 1384 1283 1430 nunquam

95 1463 243 1511 supra
276 1450 473 1495 tertiam
511 1454 703 1512 partem
741 1446 1000 1495 Sociorum
1026 1448 1100 1494 vel
1125 1447 1285 1495 Disci-

94 1527 325 1589 pulorum
359 1529 504 1576 simul
530 1545 559 1575 a
583 1529 807 1591 Collegio
839 1529 1007 1577 abesse
1048 1530 1282 1594 patiatur.

96 1606 243 1662 Quod
277 1610 316 1655 si
353 1611 460 1671 quis
501 1610 845 1673 praedictorum
898 1609 1158 1657 Sociorum
1205 1610 1283 1656 vel

91 1685 460 1750 Discipulorum
487 1689 547 1735 ad
574 1689 847 1751 Collegium
881 1689 1010 1736 infra
1041 1689 1285 1752 praestitu-

89 1773 165 1813 tos
202 1766 304 1813 dies
340 1783 441 1814 non
476 1767 690 1824 redierit,
720 1770 760 1815 is
796 1769 890 1815 nisi
925 1769 1090 1832 plures
1126 1769 1228 1816 dies
1253 1786 1282 1816 a

90 1845 374 1909 Praeposito‚
404 1853 488 1894 aut
512 1849 562 1894 in
588 1847 693 1910 ejus
718 1848 956 1906 absentia,
985 1847 1013 1896 a
1032 1849 1279 1913 Viceprae-

90 1928 263 1990 posito,
303 1934 352 1974 et
386 1926 562 1989 majori
596 1935 736 1991 parte
777 1928 1039 1976 Seniorum
1077 1936 1280 1992 propter

88 2022 286 2068 gravem
312 2008 527 2070 aliquam
552 2024 750 2056 causam
776 2008 837 2055 ab
863 2008 1035 2057 iisdem
1056 2012 1131 2073 (et
1150 2010 1277 2057 Prae-

89 2089 248 2150 posito
273 2103 386 2135 cum
411 2088 634 2150 redierit)
673 2088 1045 2152 approbandam
1081 2089 1274 2137 obtinu-

201 2251 218 2267 ³
233 2249 305 2288 See
328 2249 392 2288 the
413 2250 562 2288 Statute
582 2252 604 2274 ‘⁶
622 2248 684 2286 De
706 2248 924 2299 quibusdam
945 2249 1163 2287 mutandis.'⁷

634 2318 708 2364 G2
