1504 2501
759 119 847 163 132

275 242 303 265 ‘⁶
332 252 381 293 et
405 246 595 310 integre
630 247 1019 302 observaturum,
1058 253 1107 294 et
1141 246 1279 293 illurn
1317 243 1393 291 vel

275 332 306 353 “
331 327 440 375 illos
465 329 516 375 in
545 328 740 376 Socium
764 329 840 376 vel
869 328 1055 383 Socios,
1089 335 1174 374 aut
1197 325 1395 374 Schola-

274 411 304 432 “
330 422 433 453 rem
444 405 770 472 Discipulum,
782 409 882 455 sive
898 407 1155 454 Scholares
1165 406 1394 469 Discipu-

277 490 308 510 “
332 485 404 532 los
424 488 813 543 nominatarum,
841 494 891 534 et
915 487 1207 541 electurum,
1231 501 1390 547 quem,

278 573 307 592 “
335 567 409 614 vel
428 584 549 629 quos
569 569 763 616 Statuta
780 584 939 633 nuper
954 568 1082 615 lecta
1100 567 1391 629 significare,

279 654 309 674 “
335 654 384 695 et
407 651 624 713 apertius
652 649 925 697 describere
950 664 1062 695 mea
1093 647 1395 694 conscientia

279 736 309 755 “
327 728 582 792 judicabit,
629 733 767 780 omni
818 730 1075 794 illegitima
1118 730 1394 781 affectione,

279 819 310 840 “
335 813 461 867 odio,
487 830 666 871 amore,
694 821 744 862 et
773 814 1013 861 similibus
1035 813 1311 876 sepositis.''

280 1007 623 1056 Considebunt
658 1006 772 1053 inde
814 1007 864 1052 in
913 1005 1165 1053 Scrutinio
1207 1012 1396 1052 secreto

213 1087 528 1152 Praepositus,
550 1085 624 1134 vel
645 1103 702 1133 eo
724 1086 940 1141 absente,
966 1086 1392 1149 Vicepraepositus‚

215 1183 327 1214 curn
379 1167 570 1215 duobus
620 1168 778 1215 Sociis
821 1168 1137 1231 praesentium
1181 1169 1396 1215 maxime

214 1249 502 1305 senioribus,
536 1256 584 1296 et
614 1250 846 1311 suffragia
876 1266 964 1295 sua
997 1250 1140 1312 primi
1173 1250 1396 1296 omnium

216 1330 459 1394 descripta
493 1331 756 1393 deponent.
829 1331 1010 1377 Postea
1045 1330 1219 1391 reliqui
1264 1329 1397 1377 Socii

220 1411 446 1458 Seniores
481 1410 629 1473 juxta
677 1411 902 1458 ordinem
952 1411 1251 1458 senioritatis
1299 1426 1398 1457 suae

217 1491 398 1538 ibidem
425 1491 656 1553 suffragia
679 1507 769 1554 pro
794 1506 1002 1537 numero
1034 1490 1254 1537 locorum
1287 1506 1398 1553 sup·

218 1571 530 1633 plendorum,
574 1572 716 1618 simul
752 1579 801 1619 et
835 1572 989 1618 semel
1023 1571 1252 1618 scribent.
1324 1571 1400 1618 Ea

222 1653 529 1700 Scrutatores
553 1653 975 1708 discriminabunt,
1005 1660 1054 1699 et
1078 1654 1128 1698 in
1154 1668 1299 1714 quem
1327 1653 1401 1700 vel

221 1749 340 1794 quos
365 1732 524 1796 major
547 1750 659 1797 pars
695 1733 950 1781 Sociorum
986 1733 1267 1789 Seniorum,
1302 1748 1402 1779 una

222 1829 333 1860 cum
359 1813 646 1877 Praeposito,
674 1815 749 1861 vel
770 1830 828 1861 eo
854 1814 1069 1867 absente,
1090 1813 1401 1878 Vicepraepo-

222 1895 329 1948 sito,
358 1895 663 1941 consensisse
689 1893 1103 1958 deprehendetur,
1132 1894 1187 1949 is,
1214 1894 1290 1940 vel
1315 1893 1400 1948 illi,

222 1989 312 2036 pro
348 1974 519 2030 electo,
559 1975 633 2022 vel
670 1975 840 2022 electis
876 1975 1164 2032 habeantur,
1204 1982 1253 2023 et
1287 1991 1402 2022 mox

225 2054 677 2116 pronuntiabuntur
722 2070 751 2101 a
797 2054 1080 2118 Praeposito.
1175 2054 1322 2110 Quod
1361 2056 1401 2101 si

224 2133 398 2197 primo,
440 2135 513 2181 vel
547 2135 764 2182 secundo
809 2137 1062 2192 scrutinio,
1113 2135 1399 2183 Electorum
