1458 2455
624 202 709 245 141

78 339 127 379 et
162 330 398 393 majorem
440 336 630 394 partem
679 330 938 378 Sociorum
992 331 1255 381 Seniorurn

76 410 367 472 assignandi,
395 426 494 457 una
518 425 631 457 cum
656 410 876 474 partibus
895 410 1254 468 dissidentibus,

78 492 371 539 Visitatores
383 491 591 553 Collegii
609 492 715 552 (qui
732 492 781 537 in
799 491 983 538 Charta
994 492 1257 540 Fundatio-

65 562 165 626 'nis,
193 572 264 618 uti
290 579 362 618 est
387 570 415 618 a
439 570 591 618 Nobis
609 570 715 633 jam
756 573 1062 627 confirmata,
1101 576 1256 639 nomi-

75 654 277 715 nantur)
323 654 517 709 adeant,
568 660 618 701 et
669 660 823 701 totam
873 638 1255 702 controversiam

75 734 256 782 eisdem
284 733 633 782 Visitatoribus
657 733 746 780 sub
771 735 1023 781 communi
1049 735 1257 797 Collegii

79 815 251 877 sigillo
299 816 621 877 significatam
671 815 910 872 deferant,
958 817 1259 864 obtestantes

77 911 159 942 eos
184 896 232 941 in
258 894 491 951 Domino,
520 902 575 942 ut
602 893 746 957 juxta
781 896 998 959 planum,
1039 912 1258 945 commu-

74 992 205 1030 nem,
235 975 491 1031 literalem,
521 983 570 1022 et
592 977 1014 1038 grammaticalem
1041 993 1255 1034 sensum,

77 1065 127 1104 et
151 1056 212 1103 ad
237 1056 438 1103 dubium
465 1063 762 1119 praetensum
793 1058 1050 1121 aptiorem,
1089 1074 1260 1107 omnes

75 1136 357 1200 hujusmodi
384 1136 727 1199 ambiguitates
752 1139 1080 1202 interpretari,
1109 1145 1158 1186 et
1183 1138 1260 1186 de-

77 1220 346 1266 terminare
367 1218 532 1265 velint.
606 1217 831 1273 Quorum
855 1218 1051 1279 quidem
1082 1217 1262 1266 Visita-

76 1310 239 1348 torum
284 1299 694 1362 interpretationi,
741 1298 1159 1352 determinationi,
1213 1305 1261 1346 et

78 1379 410 1435 declarationi,
450 1394 597 1442 super
631 1378 779 1425 dubio
817 1377 1066 1441 praedicto,
1104 1378 1172 1425 ita
1208 1384 1261 1425 ut

77 1459 348 1524 praefertur,
389 1459 678 1520 significato,
719 1458 1063 1521 Praepositum,
1120 1457 1260 1504 Vice-

76 1540 408 1604 praepositum‚
441 1538 626 1594 SociOS‚
655 1543 704 1585 et
728 1544 924 1584 caeteros
949 1552 1121 1584 omnes
1145 1536 1262 1583 dicti

80 1618 289 1680 Collegii
339 1617 680 1680 obtemperare
734 1616 994 1671 Volumus,
1050 1623 1099 1663 et
1151 1631 1260 1662 cum

80 1696 259 1743 effectu
278 1712 466 1760 parere,
486 1696 575 1743 sub
597 1698 813 1760 ipsorum
836 1695 1000 1742 debito
1010 1693 1263 1757 juramen-

79 1784 131 1824 to
180 1776 402 1838 Collegio
448 1777 681 1839 praestito,
723 1782 772 1822 et
809 1774 954 1838 poena
1000 1774 1263 1820 amotionis

80 1863 327 1920 perpetuae
353 1872 382 1903 a
406 1855 536 1903 dicto
570 1856 822 1918 Collegi03
861 1854 1098 1902 Nolentes
1134 1855 1264 1916 quod

80 1952 169 2000 per
200 1935 606 1983 consuetudinem
645 1935 812 1990 ullam,
852 1941 937 1981 aut
973 1933 1260 1981 diuturnum

82 2016 291 2078 aliquem
326 2015 547 2071 abusum,
584 2022 668 2062 aut
699 2022 863 2062 actum
902 2030 1260 2078 quemcunque,

81 2096 239 2144 verbis
266 2103 348 2143 aut
375 2096 639 2142 intentioni
665 2095 907 2142 dictorum
952 2094 1260 2143 Statutorum

81 2179 131 2224 in
158 2177 321 2239 aliquo
346 2176 622 2239 derogetur.
661 2176 727 2224 Et
751 2178 982 2238 quoniam
1010 2175 1092 2222 alii
1118 2177 1262 2223 etiam

81 2272 221 2304 casus
246 2256 426 2304 oboriri
452 2263 669 2321 possunt,
696 2273 816 2318 quos
841 2270 1011 2303 omnes
1045 2254 1264 2302 humana
