1458 2455
622 197 643 239 b-³

654 197 680 245 x]

685 196 714 238 U!

495 499 734 549 CAPUT
771 499 836 547 X.

110 718 172 748 DE
211 717 459 749 GRADIBUS
499 716 548 747 IN
586 715 836 747 MEDICINA
873 713 1227 747 CAPESSENDIS.

85 873 202 930 AD
238 881 683 930 Baccalaureatum
718 882 770 928 in
806 878 1057 927 Medicina
1095 876 1261 925 nullus

81 967 385 1020 admittatur,
424 966 507 1027 qui
541 966 678 1029 prius
711 963 1036 1011 Baccalaurei
1072 963 1123 1009 in
1169 962 1262 1009 Ar-

81 1049 210 1096 tibus
240 1047 447 1110 gradum
485 1061 585 1093 non
620 1044 920 1109 susceperit3
959 1043 1138 1104 quique
1178 1041 1263 1088 tri-

83 1131 287 1177 ennium
350 1129 596 1189 integrum
659 1122 1048 1189 (innumerando
1101 1138 1130 1169 a
1183 1120 1263 1167 die

83 1208 391 1256 admissionis
442 1222 542 1253 suae
596 1204 659 1252 ad
706 1203 1152 1251 Baccalaureatum
1211 1200 1266 1247 in

83 1288 310 1353 Artibus)
336 1304 437 1336 non
462 1287 797 1351 compleverit.
869 1284 969 1340 Qui
992 1281 1265 1330 Baccalau-

84 1377 277 1419 reatum
336 1371 388 1416 in
435 1367 687 1415 Medicina
747 1365 915 1420 ambit,
977 1364 1266 1427 priusquam

85 1451 294 1513 gratiam
319 1453 580 1513 proponat,
608 1448 660 1493 in
694 1445 884 1493 duabus
915 1441 1265 1506 quaestionibus

86 1531 289 1580 medicis
299 1529 358 1577 ab
370 1528 492 1576 hora
506 1526 665 1591 prima
679 1523 1022 1589 pomeridiana
1032 1537 1187 1584 usque
1204 1521 1267 1568 ad

86 1613 261 1660 horam
296 1610 494 1657 tertiam
525 1608 578 1654 in
607 1605 736 1654 Aula
761 1603 970 1651 Publica
996 1603 1266 1651 solenniter

87 1707 177 1755 pro
217 1689 378 1737 forma
412 1687 566 1736 semel
598 1684 908 1750 respondeat,
936 1690 985 1731 et
1008 1682 1161 1731 semel
1185 1697 1269 1746 op-

88 1776 279 1836 ponat:
335 1769 455 1816 duas
507 1769 709 1831 insuper
759 1765 987 1813 solennes
1031 1764 1269 1811 lectiones

88 1851 295 1899 totidem
327 1850 496 1899 diebus
527 1848 721 1913 publice
744 1847 890 1909 legat.
961 1844 1062 1900 Qui
1086 1844 1270 1892 Docto-

91 1939 255 1980 ratum
296 1932 347 1978 in
386 1929 638 1977 Medicina
676 1932 993 1990 suscepturus
1030 1930 1118 1981 est,
1161 1931 1273 1989 post

90 2011 295 2074 gradum
320 2008 642 2057 Baccalaurei
657 2008 707 2054 in
720 2005 972 2053 Medicina
990 2010 1271 2068 susceptum

92 2093 309 2156 quinque
329 2106 484 2139 annos
508 2091 724 2151 integros
750 2088 802 2134 in
825 2085 986 2134 studio
1010 2084 1273 2133 Medicinae

91 2177 259 2235 ponat,
286 2171 570 2234 priusquam
595 2167 658 2215 ad
676 2165 1012 2230 incipiendum
1032 2166 1083 2212 in
1099 2163 1271 2212 eadem

92 2251 328 2300 facultate
363 2249 687 2298 admittatur:
714 2252 765 2296 et
798 2251 1010 2308 quatuor
1043 2243 1273 2293 solennes
