1504 2501
792 160 846 203 18

223 289 445 335 liamenti
469 288 518 335 in
537 288 596 336 ea
621 294 759 353 parte
784 287 944 336 debite
970 287 1157 344 directi,
1183 287 1399 335 habeant

222 375 271 415 et
305 368 567 416 habebunt
590 375 900 433 potestatem,
940 368 1308 421 authoritatem,
1344 374 1394 415 et

221 448 505 496 facultatem
535 448 761 511 eligendi,
800 455 849 495 et
871 447 1163 495 nominandi
1188 447 1310 495 duos
1338 447 1398 494 de

220 527 585 575 discretioribus
618 535 668 576 et
702 529 857 590 magis
893 527 1247 575 sufficientibus
1282 528 1397 574 viris

219 607 280 655 de
311 609 545 671 praedicto
581 609 805 670 Collegio
838 624 895 656 ac
932 608 1281 663 Universitate,
1307 624 1397 672 pro

217 695 441 753 tempore
477 690 811 743 existentibus,
844 690 948 737 fore
973 689 1253 752 Burgenses
1278 689 1398 736 Par-

216 769 439 816 liamenti
471 771 641 824 nostri,
676 769 940 827 haeredum,
978 777 1027 817 et
1061 786 1397 818 successorum

215 856 513 906 nostrorum,
551 867 640 914 pro
677 850 844 898 eadem
884 851 1256 910 Universitate3
1296 867 1398 898 eos-

216 927 427 990 demque
473 928 758 991 Burgenses
804 930 873 976 sic
910 929 1107 985 electOS,
1147 930 1208 976 ad
1244 945 1397 976 onera

215 1013 264 1053 et
299 1008 519 1068 custagia
553 1007 670 1054 dicti
706 1007 976 1071 Praepositi,
1023 1007 1298 1064 Sociorum,
1351 1015 1400 1056 et

218 1087 528 1135 Scholarium
542 1096 591 1136 et
604 1104 939 1136 successorum
957 1105 1156 1136 suorum
1172 1105 1262 1153 pro
1277 1096 1398 1137 tem·

215 1183 334 1231 pore
360 1170 692 1225 existentium,
721 1169 917 1215 mittere
934 1170 984 1214 in
1002 1168 1394 1216 Parliamentum

213 1257 454 1306 nostrum,
483 1250 747 1303 haeredum,
774 1256 823 1296 et
847 1265 1182 1297 successorum
1208 1256 1396 1297 nostro-

213 1347 322 1376 rum
357 1330 440 1377 ubi
469 1338 588 1379 tunc
620 1337 811 1378 tentum
848 1330 996 1377 fuerit
1027 1331 1078 1376 in
1113 1329 1209 1376 hoc
1243 1345 1395 1392 regno

213 1417 382 1456 nostro
420 1409 688 1465 Hiberniae,
727 1408 909 1456 eisdem
949 1408 1095 1455 modo
1141 1414 1191 1454 et
1236 1407 1395 1455 forma

211 1497 359 1553 prout
394 1491 443 1536 in
477 1490 583 1536 aliis
606 1490 741 1545 locis,
770 1488 1062 1541 civitatibus,
1087 1487 1266 1549 burgis,
1293 1489 1394 1535 sive

211 1571 336 1617 villis
365 1572 503 1633 regni
533 1572 687 1618 nostri
720 1569 973 1616 Hiberniae
999 1569 1220 1633 predicti,
1247 1571 1392 1616 usita-

211 1657 315 1697 tum
347 1657 396 1698 et
432 1657 722 1698 consuetum
749 1657 850 1698 est:
881 1650 1018 1705 Quos
1043 1651 1240 1712 quidem
1266 1650 1392 1697 Bur·

210 1746 382 1792 genses
424 1731 493 1778 sic
540 1731 722 1778 electos
769 1736 818 1777 et
851 1731 1132 1777 nominatos
1167 1730 1392 1777 volumus

211 1813 447 1859 interesse
495 1818 544 1859 et
590 1827 779 1859 moram
826 1810 989 1858 facere
1037 1810 1097 1858 ad
1139 1810 1391 1872 quodlibet

208 1891 607 1955 parliamentum,
628 1892 837 1939 durante
863 1898 1087 1955 tempore
1112 1907 1208 1953 quo
1223 1889 1390 1954 hujus-

207 1972 341 2019 modi
387 1973 771 2035 parliamentum
819 1974 978 2020 teneri
1018 1973 1293 2035 contigerit,
1337 1973 1389 2019 in

206 2053 449 2100 consimili
475 2054 621 2101 modo
646 2062 695 2101 et
718 2054 874 2101 forma
898 2061 1045 2118 prout
1064 2054 1146 2100 alii
1164 2053 1387 2114 Burgen-

204 2149 280 2181 ses
295 2133 619 2181 Parliamenti
635 2151 725 2198 pro
741 2135 1111 2197 quibuscunque
1127 2132 1379 2188 aliislocis,

203 2214 494 2271 civitatibUS,
523 2214 700 2277 burgiS,
728 2216 828 2262 sive
853 2215 992 2270 villis,
1021 2219 1106 2260 aut
1130 2212 1226 2260 alio
1249 2211 1375 2267 loco,
