1458 2455
662 138 754 182 115

119 282 229 314 rum
265 267 483 321 interest,
521 264 781 328 diligenter
815 265 1032 327 inquirat
1065 264 1125 313 de
1149 279 1295 329 pecu-

117 346 211 392 niis
235 343 539 392 commeatus
560 345 764 391 nomine
792 343 982 392 debitis.
1054 343 1154 400 Qui
1178 359 1294 392 vero

114 440 216 471 non
250 424 459 480 solvunt,
487 431 541 471 ut
568 423 766 472 Statuto
801 424 993 473 decimo
1028 426 1295 489 praescribi-

113 503 258 558 bitur,
285 512 392 550 'eos
437 502 715 557 Bursarius,
763 504 847 552 sed
885 505 1111 552 consulto
1156 506 1294 569 prius

112 584 401 648 Praeposito,
441 590 527 632 aut
562 586 612 631 in
638 584 858 632 absentia
893 584 1013 648 ejus,
1052 585 1295 649 Viceprae-

109 664 285 726 posito,
324 671 620 718 commeatu,
656 680 800 728 pane,
826 671 948 729 potu
972 666 1169 729 penitus
1192 666 1290 729 pri·

113 743 256 791 vabit.
328 744 476 803 Quod
510 747 562 792 ni
597 746 784 803 fecerit,
832 748 936 811 ipse
978 745 1194 794 debitam
1230 745 1292 792 ab

108 825 204 873 illis
227 827 489 890 pecuniam
525 827 748 890 Collegio
783 827 970 875 solvere
1002 826 1286 885 tenebitur3

106 907 179 953 uti
213 908 362 954 etiam
398 907 629 969 quicquid
664 908 794 972 ipsis,
834 906 992 955 donec
1033 906 1285 962 solverint,

107 987 349 1035 allocabit.
439 987 509 1035 Ut
560 1004 676 1036 vero
729 995 1006 1052 opportune
1060 995 1287 1034 constare

108 1073 268 1129 queat,
320 1083 467 1128 quam
503 1074 654 1125 recte,
690 1074 740 1115 et
774 1067 963 1115 utiliter
1003 1068 1165 1115 officio
1200 1082 1289 1114 suo

105 1147 370 1194 Bursarius
405 1147 685 1203 satisfaciat,
726 1147 986 1203 Volumus,
1024 1153 1080 1194 ut
1111 1146 1173 1194 ad
1208 1161 1288 1194 cu-

99 1225 278 1288 jusque
315 1233 495 1289 quartae
531 1228 733 1283 exitum,
771 1233 858 1274 aut
892 1228 1023 1274 intra
1056 1228 1288 1290 septima-

102 1321 235 1362 nam,
269 1306 557 1370 Praeposito,
586 1306 662 1353 vel
694 1322 752 1353 eo
784 1305 1001 1362 absente,
1040 1305 1284 1369 Viceprae-

102 1387 276 1449 posito,
324 1392 373 1433 et
424 1385 630 1433 Decano
682 1386 865 1432 seniori
910 1386 962 1432 in
1009 1385 1154 1441 Aula,
1208 1384 1285 1431 vel

101 1469 327 1518 cubiculo
373 1469 632 1534 Praepositi
679 1471 1000 1533 congregatis,
1038 1470 1284 1518 rationem

100 1558 328 1598 accurate
363 1550 552 1607 reddat,
595 1552 820 1598 omnium
866 1557 1195 1614 receptorum,
1235 1556 1284 1596 et

102 1647 442 1695 expensorum.
514 1629 661 1687 Quod
695 1633 736 1679 si
783 1632 984 1687 inutilis,
1033 1638 1083 1678 et
1119 1630 1282 1678 officio

101 1710 296 1772 ineptus
342 1710 757 1774 deprehendatur,
805 1716 1094 1758 amoveatur
1129 1709 1279 1765 illico,

99 1789 317 1851 aliusque
342 1790 390 1836 in
417 1788 522 1850 ejus
555 1791 719 1838 locum
756 1791 1040 1837 sufficiatur.
1113 1789 1279 1836 Finito

98 1884 245 1924 anno,
267 1868 345 1916 die
364 1870 550 1917 scilicet
573 1870 864 1917 Novembris
883 1871 1131 1926 vicesimo,
1151 1868 1278 1916 Bur-

98 1949 253 1995 sarius
288 1964 454 1996 coram
490 1950 779 2014 Praeposito,
816 1957 866 1998 et
889 1949 1117 1998 omnibus
1153 1951 1279 1998 seni-

97 2028 260 2076 oribus
299 2029 457 2078 Sociis
492 2037 781 2095 computum
820 2030 994 2078 reddat
1028 2031 1276 2092 integrum

94 2110 243 2157 totius
279 2111 396 2157 anni
430 2111 679 2174 praeteriti,
725 2126 822 2172 quo
867 2116 1021 2157 status
1066 2108 1277 2171 Collegii

93 2190 383 2245 innotescat,
421 2189 551 2252 quod
577 2196 626 2237 et
649 2191 700 2237 in
723 2189 907 2246 codice,
944 2205 1091 2254 quem
1126 2205 1275 2255 supra
