1458 2455
636 155 724 200 111

98 288 403 353 Computum
438 290 604 332 autem
635 282 954 348 praecedentis
1000 281 1117 328 anni
1159 294 1272 328 cum

97 385 184 416 suo
200 367 483 433 permisceri
502 380 602 412 non
618 365 849 428 patiatur.
904 362 1110 419 Quoties
1125 363 1275 424 igitur

96 448 360 496 Bursarius
405 462 435 493 a
472 444 682 506 Collegii
725 443 1050 499 Tenentibus,
1099 443 1173 490 vel
1214 441 1276 488 ab

98 529 204 576 aliis
247 542 477 574 nummos
519 524 743 586 Collegio
791 524 981 571 debitos
1016 522 1273 586 receperit,

97 608 336 673 apocham
362 614 537 654 testem
561 606 732 653 solutae
757 605 975 670 pecuniae
1012 603 1273 660 conficito;

98 689 182 737 sed
230 703 484 749 nunquam
535 687 681 743 solus,
723 701 895 733 verum
940 683 1277 731 subscribente

100 771 248 817 etiam
284 769 571 832 Praeposito,
599 774 684 814 aut
709 765 814 828 ejus
847 765 1025 813 Vicem
1060 768 1278 826 gerente,

101 850 177 897 vel
231 849 460 897 Decano.
538 846 795 910 Quicquid
843 861 959 893 vero
1017 844 1277 908 receperit,

100 931 271 980 eodem
309 930 387 977 die
428 931 480 976 in
522 929 775 976 communi
821 926 944 974 cista
994 930 1279 989 reponatur.

108 1014 280 1075 Sitque
316 1013 368 1058 in
406 1010 580 1057 eedem
613 1008 735 1056 cisti),
759 1007 912 1055 codex
935 1007 1202 1060 rationum,
1231 1005 1282 1050 in

103 1108 250 1156 quem
291 1091 536 1154 adscripto
577 1089 873 1152 receptionis
909 1087 1002 1142 die,
1040 1085 1284 1133 referatur

101 1187 296 1222 summa
316 1177 529 1234 recepta,
553 1177 601 1217 et
617 1186 645 1217 a
664 1186 760 1232 quo
784 1169 945 1216 soluta
982 1169 1059 1224 sit,
1095 1174 1145 1214 et
1187 1182 1284 1230 quo

100 1252 318 1306 nomine,
345 1257 395 1297 et
426 1255 592 1295 utrum
626 1249 689 1295 sit
721 1249 911 1309 integer
939 1246 1125 1293 reditus
1151 1247 1284 1300 anni,

103 1349 166 1381 an
212 1347 325 1396 pars
368 1330 544 1391 aliqua,
592 1334 678 1375 aut
719 1329 759 1374 si
808 1326 925 1388 quid
971 1325 1098 1374 forte
1139 1332 1287 1372 antea

105 1411 387 1461 debebatur.
447 1409 578 1456 Cum
604 1409 828 1472 pecuniae
852 1407 1017 1469 aliqua
1040 1420 1235 1452 summa
1259 1420 1286 1452 e

106 1491 357 1540 communi
402 1488 612 1550 Collegii
653 1487 775 1534 cist&
820 1486 1141 1550 expromitur,
1186 1485 1286 1531 sive

107 1572 168 1619 ad
184 1570 454 1618 ordinarias
470 1569 620 1616 diaetae
635 1582 887 1631 expensas,
906 1567 1007 1613 sive
1026 1565 1088 1612 ad
1105 1565 1288 1629 persol-

107 1650 267 1699 venda
293 1650 484 1703 salaria,
514 1650 614 1696 sive
635 1648 697 1695 ad
711 1647 1049 1711 reparationes
1066 1646 1289 1693 aedificio-

108 1747 234 1788 rum,
253 1738 339 1778 aut
354 1730 656 1786 utensilium,
676 1736 761 1776 aut
776 1728 1067 1790 quecunque
1086 1725 1288 1773 demum

109 1813 170 1861 de
205 1814 362 1872 causei,
402 1811 662 1865 Volumus,
701 1816 755 1855 ut
788 1823 899 1854 eam
934 1806 1200 1852 Bursarius
1236 1806 1288 1851 in

110 1892 347 1941 Codicem
367 1889 655 1954 praedictum
674 1887 868 1942 scribat,
890 1895 939 1933 et
953 1885 1002 1932 id
1016 1884 1289 1948 subscript&

110 1988 264 2020 manu
287 1976 504 2024 testetur,
531 1983 623 2015 nec
648 1965 705 2014 e&
728 1967 789 2013 ad
823 1965 944 2013 alios
976 1981 1091 2012 usus
1120 1965 1287 2012 abuta-

111 2060 207 2101 tur.
278 2050 516 2099 Codicem
542 2054 776 2112 praeterea
805 2047 1069 2110 privatum,
1109 2060 1287 2109 expen-

114 2147 296 2189 sorum,
323 2137 373 2179 et
397 2135 724 2192 receptorum,
748 2141 900 2191 penes
932 2141 984 2174 se
1019 2125 1213 2180 habeto,
1239 2132 1289 2173 et
