1504 2501
784 129 846 178 763

226 271 471 318 Volumus
507 265 709 328 singulis
746 263 917 311 diebus
941 260 1231 308 Dominicis.
1297 257 1407 305 Sin*

225 353 350 415 gulis
376 356 542 398 autem
566 345 755 394 Diebus
796 345 946 399 festiS‚
988 348 1037 389 et
1077 356 1246 389 eorum
1290 338 1410 385 Ves-

227 435 391 499 periis,
419 428 736 493 praepositus,
763 425 1019 485 caeterique
1044 422 1264 468 omnium
1287 419 1413 465 ordi·-

229 530 351 562 num
376 514 427 559 in
453 509 649 558 mundis
685 505 1061 570 Superpellitiis,
1102 508 1151 548 et
1188 499 1414 563 Caputiis

230 593 403 658 gradui
420 607 508 639 suo
529 593 794 654 (quotquot
814 585 1062 634 Graduati
1082 582 1220 645 sunt)
1242 597 1414 629 convea

232 673 496 727 nientibus,
524 668 750 734 precibus
769 667 998 714 intersint
1015 685 1027 724 3
1049 679 1142 711 nec
1158 663 1415 724 quisquam

234 757 416 817 absque
442 753 536 799 hoc
560 754 738 798 ornatu
763 749 999 794 interesse
1029 748 1294 808 praesumat
1330 740 1419 786 sub

235 836 381 900 poen&
428 832 643 894 quinque
700 826 984 878 solidorum,
1027 824 1171 870 toties
1213 822 1417 882 quoties.

237 916 472 967 Formula
507 914 570 960 sit
611 927 684 964 ea,
724 925 825 971 quae
867 910 917 954 in
956 905 1149 971 publicu
1189 904 1424 951 Ecclesiae

239 997 526 1060 Anglicanae
551 990 777 1053 Liturgie
799 987 1140 1054 praescribitur,
1166 987 1260 1032 nisi
1294 983 1423 1046 quod

240 1083 288 1127 in
316 1075 541 1142 profestis
588 1071 774 1126 diebus,
801 1069 947 1131 idque
973 1067 1035 1115 ad
1066 1082 1236 1131 preces
1265 1066 1425 1130 primo

241 1172 388 1206 mane
418 1151 710 1206 offerendas,
756 1149 1044 1203 abbreviari,
1085 1154 1134 1194 et
1169 1146 1426 1211 paululum

242 1235 496 1285 immutari
520 1232 762 1285 volumus,
784 1230 835 1275 in
856 1228 988 1274 hunc
1003 1226 1219 1274 modum.
1258 1226 1428 1273 Primo

244 1317 478 1364 recitetur
502 1326 616 1366 una,
645 1315 732 1356 aut
756 1308 911 1354 altera
936 1323 961 1353 e
986 1305 1243 1353 sententiis
1271 1304 1429 1352 Sacrae

249 1397 530 1459 Scripturae,
555 1405 657 1437 una
686 1403 797 1435 cum
827 1385 1169 1434 exhortatione
1195 1391 1430 1445 sequente

246 1474 517 1525 secundum
555 1468 832 1530 Liturgiam
882 1465 1228 1527 Anglicanam.
1299 1462 1431 1509 Dein

248 1559 439 1619 legatur
495 1548 769 1601 Confessio,
827 1544 1102 1598 Absolutio,
1161 1549 1209 1589 et
1257 1541 1433 1589 Oratio

249 1635 532 1686 Dominica.
607 1629 727 1676 Post
768 1625 1059 1673 Orationem
1096 1622 1432 1677 Dominicam‚

252 1715 539 1767 immediate
581 1714 814 1771 sequatur
856 1704 1147 1767 Symbolum
1192 1701 1438 1766 Apostoli-

255 1815 367 1847 cum
389 1811 489 1844 una
504 1808 616 1841 cum
637 1787 921 1842 versiculis,
945 1792 994 1832 et
1014 1782 1439 1848 Responsionibus

258 1878 477 1928 annexis.
516 1874 609 1921 His
633 1868 900 1919 succedant
925 1865 1162 1914 Collectae
1187 1879 1275 1928 pro
1299 1878 1436 1926 pace,

259 1968 308 2009 et
333 1976 421 2024 pro
447 1954 638 2010 Gratia,
668 1950 845 2000 deinde
870 1947 1105 1995 fundatur
1129 1944 1357 1992 Precatio
1382 1941 1444 1988 ad

261 2042 425 2089 Deum
451 2053 541 2102 pro
561 2032 906 2083 benedictione
937 2026 1210 2075 studiorum
1251 2026 1301 2071 in
1344 2022 1442 2068 haec

263 2121 425 2170 verba.

335 2250 437 2298 “O
494 2247 627 2296 Lord
679 2245 823 2293 Jesus
878 2242 1046 2290 Christ
1086 2239 1193 2285 who
1242 2243 1316 2283 art
1360 2235 1445 2282 the
