<?xml version="1.0" encoding="UTF-8"?>
<!DOCTYPE html PUBLIC "-//W3C//DTD XHTML 1.0 Transitional//EN"
    "http://www.w3.org/TR/xhtml1/DTD/xhtml1-transitional.dtd">
<html xmlns="http://www.w3.org/1999/xhtml" xml:lang="en" lang="en">
 <head>
  <title>
</title>
<meta http-equiv="Content-Type" content="text/html;charset=utf-8" />
  <meta name='ocr-system' content='tesseract 3.04.00' />
  <meta name='ocr-capabilities' content='ocr_page ocr_carea ocr_par ocr_line ocrx_word'/>
</head>
<body>
  <div class='ocr_page' id='page_1' title='image "./chartaeetstatuta00trinuoft_0078.png"; bbox 0 0 1504 2501; ppageno 0'>
   <div class='ocr_carea' id='block_1_1' title="bbox 768 152 828 195">
    <p class='ocr_par' dir='ltr' id='par_1_1' title="bbox 768 152 828 195">
     <span class='ocr_line' id='line_1_1' title="bbox 768 152 828 195; baseline -0.017 0"><span class='ocrx_word' id='word_1_1' title='bbox 768 152 828 195; x_wconf 72' lang='lat'>62</span> 
     </span>
    </p>
   </div>
   <div class='ocr_carea' id='block_1_2' title="bbox 190 280 1388 2262">
    <p class='ocr_par' dir='ltr' id='par_1_2' title="bbox 190 280 1388 2262">
     <span class='ocr_line' id='line_1_2' title="bbox 198 280 1388 337; baseline 0 -8"><span class='ocrx_word' id='word_1_2' title='bbox 198 283 555 337; x_wconf 83' lang='lat' dir='ltr'>senioritatem,</span> <span class='ocrx_word' id='word_1_3' title='bbox 587 281 684 328; x_wconf 90' lang='lat' dir='ltr'>nisi</span> <span class='ocrx_word' id='word_1_4' title='bbox 717 280 779 328; x_wconf 82' lang='lat' dir='ltr'>ad</span> <span class='ocrx_word' id='word_1_5' title='bbox 810 280 1100 328; x_wconf 82' lang='lat' dir='ltr'>electionem</span> <span class='ocrx_word' id='word_1_6' title='bbox 1135 281 1269 329; x_wconf 85' lang='lat' dir='ltr'>Socii</span> <span class='ocrx_word' id='word_1_7' title='bbox 1302 288 1388 329; x_wconf 85' lang='lat' dir='ltr'>aut</span> 
     </span>
     <span class='ocr_line' id='line_1_3' title="bbox 204 363 1386 425; baseline -0.001 -14"><span class='ocrx_word' id='word_1_8' title='bbox 204 364 464 411; x_wconf 81' lang='lat' dir='ltr'><strong>Sociorum</strong></span> <span class='ocrx_word' id='word_1_9' title='bbox 491 369 540 410; x_wconf 87' lang='lat' dir='ltr'>et</span> <span class='ocrx_word' id='word_1_10' title='bbox 569 364 858 425; x_wconf 69' lang='lat' dir='ltr'>quaestiones</span> <span class='ocrx_word' id='word_1_11' title='bbox 894 363 1386 424; x_wconf 82' lang='lat' dir='ltr'>examinationesque</span> 
     </span>
     <span class='ocr_line' id='line_1_4' title="bbox 203 444 1383 505; baseline -0.002 -13"><span class='ocrx_word' id='word_1_12' title='bbox 203 444 598 493; x_wconf 85' lang='lat' dir='ltr'>Candidatorum</span> <span class='ocrx_word' id='word_1_13' title='bbox 654 445 915 492; x_wconf 83' lang='lat' dir='ltr'>Sociorum</span> <span class='ocrx_word' id='word_1_14' title='bbox 943 463 956 503; x_wconf 74' lang='grc' dir='ltr'><strong>ς</strong></span> <span class='ocrx_word' id='word_1_15' title='bbox 1007 444 1060 490; x_wconf 90' lang='lat' dir='ltr'>in</span> <span class='ocrx_word' id='word_1_16' title='bbox 1103 459 1200 505; x_wconf 92' lang='lat' dir='ltr'>quo</span> <span class='ocrx_word' id='word_1_17' title='bbox 1249 447 1383 502; x_wconf 76' lang='lat' dir='ltr'>casu,</span> 
     </span>
     <span class='ocr_line' id='line_1_5' title="bbox 202 526 1386 590; baseline 0 -16"><span class='ocrx_word' id='word_1_18' title='bbox 202 527 370 574; x_wconf 83' lang='lat' dir='ltr'>licebit</span> <span class='ocrx_word' id='word_1_19' title='bbox 393 527 662 590; x_wconf 80' lang='lat' dir='ltr'>Praeposito</span> <span class='ocrx_word' id='word_1_20' title='bbox 688 534 737 575; x_wconf 92' lang='lat' dir='ltr'>et</span> <span class='ocrx_word' id='word_1_21' title='bbox 765 527 922 575; x_wconf 83' lang='lat' dir='ltr'>Sociis</span> <span class='ocrx_word' id='word_1_22' title='bbox 944 526 1246 583; x_wconf 82' lang='lat' dir='ltr'>Senioribus,</span> <span class='ocrx_word' id='word_1_23' title='bbox 1264 527 1386 574; x_wconf 88' lang='lat' dir='ltr'>Pro-</span> 
     </span>
     <span class='ocr_line' id='line_1_6' title="bbox 197 607 1383 672; baseline 0 -18"><span class='ocrx_word' id='word_1_24' title='bbox 197 608 742 672; x_wconf 80' lang='lat' dir='ltr'>fessoresPhilosophiae</span> <span class='ocrx_word' id='word_1_25' title='bbox 752 607 1008 655; x_wconf 82' lang='lat' dir='ltr'>Naturalis</span> <span class='ocrx_word' id='word_1_26' title='bbox 1020 614 1069 654; x_wconf 90' lang='lat' dir='ltr'>et</span> <span class='ocrx_word' id='word_1_27' title='bbox 1084 607 1139 654; x_wconf 88' lang='lat' dir='ltr'>M</span> <span class='ocrx_word' id='word_1_28' title='bbox 1143 607 1383 663; x_wconf 83' lang='lat' dir='ltr'>atheseos,</span> 
     </span>
     <span class='ocr_line' id='line_1_7' title="bbox 199 688 1387 745; baseline -0.001 -9"><span class='ocrx_word' id='word_1_29' title='bbox 199 688 349 736; x_wconf 85' lang='lat' dir='ltr'>modo</span> <span class='ocrx_word' id='word_1_30' title='bbox 375 690 473 735; x_wconf 90' lang='lat' dir='ltr'>sint</span> <span class='ocrx_word' id='word_1_31' title='bbox 501 688 651 745; x_wconf 84' lang='lat' dir='ltr'>Socii,</span> <span class='ocrx_word' id='word_1_32' title='bbox 680 690 830 736; x_wconf 83' lang='lat' dir='ltr'>etiam</span> <span class='ocrx_word' id='word_1_33' title='bbox 856 694 995 736; x_wconf 80' lang='lat' dir='ltr'>extra</span> <span class='ocrx_word' id='word_1_34' title='bbox 1018 688 1243 736; x_wconf 87' lang='lat' dir='ltr'>ordinem</span> <span class='ocrx_word' id='word_1_35' title='bbox 1260 689 1387 735; x_wconf 71' lang='lat' dir='ltr'>seni-</span> 
     </span>
     <span class='ocr_line' id='line_1_8' title="bbox 195 767 1385 816; baseline -0.002 0"><span class='ocrx_word' id='word_1_36' title='bbox 195 769 390 816; x_wconf 83' lang='lat' dir='ltr'>oritatis</span> <span class='ocrx_word' id='word_1_37' title='bbox 425 768 489 816; x_wconf 80' lang='lat' dir='ltr'>ad</span> <span class='ocrx_word' id='word_1_38' title='bbox 522 768 620 816; x_wconf 90' lang='lat' dir='ltr'>hoc</span> <span class='ocrx_word' id='word_1_39' title='bbox 656 785 837 815; x_wconf 92' lang='lat' dir='ltr'>munus</span> <span class='ocrx_word' id='word_1_40' title='bbox 875 767 1192 816; x_wconf 79' lang='lat' dir='ltr'>examinandi</span> <span class='ocrx_word' id='word_1_41' title='bbox 1227 773 1278 815; x_wconf 89' lang='lat' dir='ltr'>et</span> <span class='ocrx_word' id='word_1_42' title='bbox 1301 767 1385 814; x_wconf 88' lang='lat' dir='ltr'>eli-</span> 
     </span>
     <span class='ocr_line' id='line_1_9' title="bbox 197 848 1382 913; baseline -0.004 -15"><span class='ocrx_word' id='word_1_43' title='bbox 197 851 345 913; x_wconf 84' lang='lat' dir='ltr'>gendi</span> <span class='ocrx_word' id='word_1_44' title='bbox 377 866 643 906; x_wconf 82' lang='lat' dir='ltr'>assumere,</span> <span class='ocrx_word' id='word_1_45' title='bbox 672 856 899 911; x_wconf 81' lang='lat' dir='ltr'>utrumq3</span> <span class='ocrx_word' id='word_1_46' title='bbox 936 850 987 895; x_wconf 90' lang='lat' dir='ltr'>in</span> <span class='ocrx_word' id='word_1_47' title='bbox 1012 848 1106 895; x_wconf 53' lang='lat' dir='ltr'>haic</span> <span class='ocrx_word' id='word_1_48' title='bbox 1131 848 1382 894; x_wconf 81' lang='lat' dir='ltr'>examina-</span> 
     </span>
     <span class='ocr_line' id='line_1_10' title="bbox 194 930 1385 995; baseline -0.003 -17"><span class='ocrx_word' id='word_1_49' title='bbox 194 933 346 987; x_wconf 85' lang='lat' dir='ltr'>tione,</span> <span class='ocrx_word' id='word_1_50' title='bbox 378 931 441 978; x_wconf 83' lang='lat' dir='ltr'>ad</span> <span class='ocrx_word' id='word_1_51' title='bbox 474 938 640 995; x_wconf 80' lang='lat' dir='ltr'>partes</span> <span class='ocrx_word' id='word_1_52' title='bbox 672 948 775 993; x_wconf 81' lang='lat' dir='ltr'>quae</span> <span class='ocrx_word' id='word_1_53' title='bbox 809 930 1126 994; x_wconf 85' lang='lat' dir='ltr'>professionis</span> <span class='ocrx_word' id='word_1_54' title='bbox 1151 944 1246 975; x_wconf 88' lang='lat' dir='ltr'>suae</span> <span class='ocrx_word' id='word_1_55' title='bbox 1270 934 1385 975; x_wconf 89' lang='lat' dir='ltr'>sunt</span> 
     </span>
     <span class='ocr_line' id='line_1_11' title="bbox 195 1007 1385 1076; baseline -0.004 -17"><span class='ocrx_word' id='word_1_56' title='bbox 195 1012 402 1076; x_wconf 87' lang='lat' dir='ltr'>propriae</span> <span class='ocrx_word' id='word_1_57' title='bbox 456 1011 783 1067; x_wconf 82' lang='lat' dir='ltr'>sustinendas,</span> <span class='ocrx_word' id='word_1_58' title='bbox 830 1017 879 1057; x_wconf 91' lang='lat' dir='ltr'>et</span> <span class='ocrx_word' id='word_1_59' title='bbox 924 1025 1027 1057; x_wconf 88' lang='lat' dir='ltr'>non</span> <span class='ocrx_word' id='word_1_60' title='bbox 1082 1008 1238 1055; x_wconf 82' lang='lat' dir='ltr'>aliter.</span> <span class='ocrx_word' id='word_1_61' title='bbox 1317 1007 1385 1055; x_wconf 91' lang='lat' dir='ltr'>Et</span> 
     </span>
     <span class='ocr_line' id='line_1_12' title="bbox 194 1092 1383 1156; baseline -0.004 -16"><span class='ocrx_word' id='word_1_62' title='bbox 194 1092 427 1155; x_wconf 85' lang='lat' dir='ltr'>quicquid</span> <span class='ocrx_word' id='word_1_63' title='bbox 458 1092 766 1156; x_wconf 85' lang='lat' dir='ltr'>P1·aepositus</span> <span class='ocrx_word' id='word_1_64' title='bbox 803 1106 916 1138; x_wconf 91' lang='lat' dir='ltr'>cum</span> <span class='ocrx_word' id='word_1_65' title='bbox 953 1105 1167 1146; x_wconf 81' lang='lat' dir='ltr'>assensu,</span> <span class='ocrx_word' id='word_1_66' title='bbox 1196 1094 1246 1136; x_wconf 89' lang='lat' dir='ltr'>et</span> <span class='ocrx_word' id='word_1_67' title='bbox 1269 1103 1383 1136; x_wconf 90' lang='lat' dir='ltr'>con-</span> 
     </span>
     <span class='ocr_line' id='line_1_13' title="bbox 194 1168 1383 1233; baseline -0.004 -14"><span class='ocrx_word' id='word_1_68' title='bbox 194 1188 342 1220; x_wconf 87' lang='lat' dir='ltr'>sensu</span> <span class='ocrx_word' id='word_1_69' title='bbox 385 1180 596 1233; x_wconf 83' lang='lat' dir='ltr'>quatuor</span> <span class='ocrx_word' id='word_1_70' title='bbox 629 1187 689 1218; x_wconf 82' lang='lat' dir='ltr'>ex</span> <span class='ocrx_word' id='word_1_71' title='bbox 716 1171 811 1218; x_wconf 91' lang='lat' dir='ltr'>hoc</span> <span class='ocrx_word' id='word_1_72' title='bbox 854 1185 1064 1217; x_wconf 83' lang='lat' dir='ltr'>numero</span> <span class='ocrx_word' id='word_1_73' title='bbox 1101 1168 1383 1232; x_wconf 85' lang='lat' dir='ltr'>septenario</span> 
     </span>
     <span class='ocr_line' id='line_1_14' title="bbox 193 1250 1382 1314; baseline -0.004 -14"><span class='ocrx_word' id='word_1_74' title='bbox 193 1255 263 1300; x_wconf 89' lang='lat' dir='ltr'>sic</span> <span class='ocrx_word' id='word_1_75' title='bbox 298 1252 513 1299; x_wconf 83' lang='lat' dir='ltr'>conflato</span> <span class='ocrx_word' id='word_1_76' title='bbox 549 1253 718 1314; x_wconf 83' lang='lat' dir='ltr'>egerit,</span> <span class='ocrx_word' id='word_1_77' title='bbox 745 1258 910 1299; x_wconf 82' lang='lat' dir='ltr'>ratum</span> <span class='ocrx_word' id='word_1_78' title='bbox 946 1257 1065 1298; x_wconf 85' lang='lat' dir='ltr'>esto.</span> <span class='ocrx_word' id='word_1_79' title='bbox 1140 1250 1231 1297; x_wconf 86' lang='lat' dir='ltr'>Sin</span> <span class='ocrx_word' id='word_1_80' title='bbox 1266 1264 1382 1296; x_wconf 91' lang='lat' dir='ltr'>vero</span> 
     </span>
     <span class='ocr_line' id='line_1_15' title="bbox 194 1329 1382 1396; baseline -0.003 -17"><span class='ocrx_word' id='word_1_81' title='bbox 194 1348 337 1388; x_wconf 87' lang='lat' dir='ltr'>unus,</span> <span class='ocrx_word' id='word_1_82' title='bbox 365 1332 441 1379; x_wconf 89' lang='lat' dir='ltr'>vel</span> <span class='ocrx_word' id='word_1_83' title='bbox 460 1332 625 1396; x_wconf 89' lang='lat' dir='ltr'>plures</span> <span class='ocrx_word' id='word_1_84' title='bbox 648 1332 867 1393; x_wconf 85' lang='lat' dir='ltr'>legitime</span> <span class='ocrx_word' id='word_1_85' title='bbox 886 1332 1061 1383; x_wconf 77' lang='lat' dir='ltr'>vocati,</span> <span class='ocrx_word' id='word_1_86' title='bbox 1089 1337 1138 1378; x_wconf 84' lang='lat' dir='ltr'>et</span> <span class='ocrx_word' id='word_1_87' title='bbox 1162 1329 1222 1377; x_wconf 93' lang='lat' dir='ltr'>de</span> <span class='ocrx_word' id='word_1_88' title='bbox 1260 1330 1382 1377; x_wconf 57' lang='lat' dir='ltr'>hora</span> 
     </span>
     <span class='ocr_line' id='line_1_16' title="bbox 195 1411 1379 1463; baseline -0.003 -2"><span class='ocrx_word' id='word_1_89' title='bbox 195 1420 244 1461; x_wconf 92' lang='lat' dir='ltr'>et</span> <span class='ocrx_word' id='word_1_90' title='bbox 267 1413 376 1461; x_wconf 94' lang='lat' dir='ltr'>loco</span> <span class='ocrx_word' id='word_1_91' title='bbox 402 1413 671 1460; x_wconf 72' lang='lat' dir='ltr'>conventus</span> <span class='ocrx_word' id='word_1_92' title='bbox 702 1413 879 1459; x_wconf 89' lang='lat' dir='ltr'>moniti</span> <span class='ocrx_word' id='word_1_93' title='bbox 915 1427 967 1459; x_wconf 91' lang='lat' dir='ltr'>se</span> <span class='ocrx_word' id='word_1_94' title='bbox 998 1411 1379 1463; x_wconf 74' lang='lat' dir='ltr'>absentaverim,</span> 
     </span>
     <span class='ocr_line' id='line_1_17' title="bbox 196 1490 1381 1555; baseline -0.002 -16"><span class='ocrx_word' id='word_1_95' title='bbox 196 1492 355 1540; x_wconf 91' lang='lat' dir='ltr'>eidem</span> <span class='ocrx_word' id='word_1_96' title='bbox 383 1507 496 1539; x_wconf 86' lang='lat' dir='ltr'>cum</span> <span class='ocrx_word' id='word_1_97' title='bbox 533 1491 803 1555; x_wconf 86' lang='lat' dir='ltr'>Praeposito</span> <span class='ocrx_word' id='word_1_98' title='bbox 833 1491 963 1555; x_wconf 82' lang='lat' dir='ltr'>parti</span> <span class='ocrx_word' id='word_1_99' title='bbox 987 1490 1244 1552; x_wconf 82' lang='lat' dir='ltr'>suffragari</span> <span class='ocrx_word' id='word_1_100' title='bbox 1270 1506 1381 1539; x_wconf 88' lang='lat' dir='ltr'>cen-</span> 
     </span>
     <span class='ocr_line' id='line_1_18' title="bbox 193 1570 1376 1634; baseline -0.003 -14"><span class='ocrx_word' id='word_1_101' title='bbox 193 1579 410 1621; x_wconf 81' lang='lat' dir='ltr'>seantur.</span> <span class='ocrx_word' id='word_1_102' title='bbox 481 1571 726 1634; x_wconf 85' lang='lat' dir='ltr'>Legitime</span> <span class='ocrx_word' id='word_1_103' title='bbox 759 1578 926 1618; x_wconf 83' lang='lat' dir='ltr'>autem</span> <span class='ocrx_word' id='word_1_104' title='bbox 959 1572 1124 1618; x_wconf 79' lang='lat' dir='ltr'>vocari</span> <span class='ocrx_word' id='word_1_105' title='bbox 1155 1570 1376 1626; x_wconf 87' lang='lat' dir='ltr'>dicimus,</span> 
     </span>
     <span class='ocr_line' id='line_1_19' title="bbox 193 1651 1380 1716; baseline -0.002 -16"><span class='ocrx_word' id='word_1_106' title='bbox 193 1655 233 1700; x_wconf 90' lang='lat' dir='ltr'>si</span> <span class='ocrx_word' id='word_1_107' title='bbox 269 1654 376 1715; x_wconf 89' lang='lat' dir='ltr'>quis</span> <span class='ocrx_word' id='word_1_108' title='bbox 401 1669 430 1700; x_wconf 85' lang='lat' dir='ltr'>a</span> <span class='ocrx_word' id='word_1_109' title='bbox 455 1652 726 1716; x_wconf 84' lang='lat' dir='ltr'>Praeposito</span> <span class='ocrx_word' id='word_1_110' title='bbox 763 1653 953 1708; x_wconf 87' lang='lat' dir='ltr'>missus,</span> <span class='ocrx_word' id='word_1_111' title='bbox 993 1667 1076 1698; x_wconf 92' lang='lat' dir='ltr'>eos</span> <span class='ocrx_word' id='word_1_112' title='bbox 1101 1651 1161 1698; x_wconf 89' lang='lat' dir='ltr'>de</span> <span class='ocrx_word' id='word_1_113' title='bbox 1196 1651 1305 1699; x_wconf 90' lang='lat' dir='ltr'>loco</span> <span class='ocrx_word' id='word_1_114' title='bbox 1331 1657 1380 1698; x_wconf 87' lang='lat' dir='ltr'>et</span> 
     </span>
     <span class='ocr_line' id='line_1_20' title="bbox 193 1731 1380 1795; baseline -0.003 -14"><span class='ocrx_word' id='word_1_115' title='bbox 193 1734 316 1781; x_wconf 57' lang='lat' dir='ltr'>hor&amp;</span> <span class='ocrx_word' id='word_1_116' title='bbox 351 1735 622 1781; x_wconf 72' lang='lat' dir='ltr'>conventus</span> <span class='ocrx_word' id='word_1_117' title='bbox 654 1733 919 1788; x_wconf 87' lang='lat' dir='ltr'>monuerit,</span> <span class='ocrx_word' id='word_1_118' title='bbox 959 1739 1045 1779; x_wconf 82' lang='lat' dir='ltr'>aut</span> <span class='ocrx_word' id='word_1_119' title='bbox 1068 1733 1106 1779; x_wconf 91' lang='lat' dir='ltr'>si</span> <span class='ocrx_word' id='word_1_120' title='bbox 1140 1731 1380 1795; x_wconf 72' lang='lat' dir='ltr'>Praeposi-</span> 
     </span>
     <span class='ocr_line' id='line_1_21' title="bbox 192 1810 1378 1876; baseline -0.004 -15"><span class='ocrx_word' id='word_1_121' title='bbox 192 1822 286 1870; x_wconf 92' lang='lat' dir='ltr'>tus,</span> <span class='ocrx_word' id='word_1_122' title='bbox 315 1814 391 1861; x_wconf 85' lang='lat' dir='ltr'>vel</span> <span class='ocrx_word' id='word_1_123' title='bbox 417 1813 850 1876; x_wconf 80' lang='lat' dir='ltr'>Vicepraepositus‚</span> <span class='ocrx_word' id='word_1_124' title='bbox 876 1811 953 1859; x_wconf 86' lang='lat' dir='ltr'>vel</span> <span class='ocrx_word' id='word_1_125' title='bbox 978 1813 1060 1873; x_wconf 87' lang='lat' dir='ltr'>qui</span> <span class='ocrx_word' id='word_1_126' title='bbox 1086 1812 1137 1858; x_wconf 90' lang='lat' dir='ltr'>in</span> <span class='ocrx_word' id='word_1_127' title='bbox 1162 1811 1290 1857; x_wconf 66' lang='lat' dir='ltr'>Aulai</span> <span class='ocrx_word' id='word_1_128' title='bbox 1317 1810 1378 1857; x_wconf 86' lang='lat' dir='ltr'>ad</span> 
     </span>
     <span class='ocr_line' id='line_1_22' title="bbox 190 1891 1379 1956; baseline -0.002 -16"><span class='ocrx_word' id='word_1_129' title='bbox 190 1909 414 1940; x_wconf 77' lang='lat' dir='ltr'>mensam</span> <span class='ocrx_word' id='word_1_130' title='bbox 449 1900 673 1956; x_wconf 85' lang='lat' dir='ltr'>tempore</span> <span class='ocrx_word' id='word_1_131' title='bbox 712 1891 926 1945; x_wconf 83' lang='lat' dir='ltr'>Prandii,</span> <span class='ocrx_word' id='word_1_132' title='bbox 958 1892 1032 1938; x_wconf 88' lang='lat' dir='ltr'>vel</span> <span class='ocrx_word' id='word_1_133' title='bbox 1071 1892 1237 1940; x_wconf 87' lang='lat' dir='ltr'>Coenae</span> <span class='ocrx_word' id='word_1_134' title='bbox 1261 1909 1379 1956; x_wconf 80' lang='lat' dir='ltr'>prae-</span> 
     </span>
     <span class='ocr_line' id='line_1_23' title="bbox 191 1973 1378 2037; baseline 0.001 -18"><span class='ocrx_word' id='word_1_135' title='bbox 191 1973 330 2029; x_wconf 85' lang='lat' dir='ltr'>sidet,</span> <span class='ocrx_word' id='word_1_136' title='bbox 359 1973 522 2036; x_wconf 77' lang='lat' dir='ltr'>palam</span> <span class='ocrx_word' id='word_1_137' title='bbox 548 1974 911 2034; x_wconf 82' lang='lat' dir='ltr'>significaverit,</span> <span class='ocrx_word' id='word_1_138' title='bbox 948 1980 1246 2020; x_wconf 84' lang='lat' dir='ltr'>conventum</span> <span class='ocrx_word' id='word_1_139' title='bbox 1271 1989 1378 2037; x_wconf 89' lang='lat' dir='ltr'>pos-</span> 
     </span>
     <span class='ocr_line' id='line_1_24' title="bbox 192 2052 1376 2116; baseline -0.002 -16"><span class='ocrx_word' id='word_1_140' title='bbox 192 2052 337 2100; x_wconf 85' lang='lat' dir='ltr'>tridie</span> <span class='ocrx_word' id='word_1_141' title='bbox 361 2052 448 2098; x_wconf 83' lang='lat' dir='ltr'>tali</span> <span class='ocrx_word' id='word_1_142' title='bbox 463 2052 588 2108; x_wconf 92' lang='lat' dir='ltr'>loco,</span> <span class='ocrx_word' id='word_1_143' title='bbox 617 2059 667 2100; x_wconf 90' lang='lat' dir='ltr'>et</span> <span class='ocrx_word' id='word_1_144' title='bbox 689 2052 812 2100; x_wconf 58' lang='lat' dir='ltr'>hor&amp;</span> <span class='ocrx_word' id='word_1_145' title='bbox 834 2053 954 2109; x_wconf 89' lang='lat' dir='ltr'>fore,</span> <span class='ocrx_word' id='word_1_146' title='bbox 975 2053 1134 2100; x_wconf 88' lang='lat' dir='ltr'>multo</span> <span class='ocrx_word' id='word_1_147' title='bbox 1160 2055 1312 2116; x_wconf 81' lang='lat' dir='ltr'>magis</span> <span class='ocrx_word' id='word_1_148' title='bbox 1337 2054 1376 2099; x_wconf 91' lang='lat' dir='ltr'>si</span> 
     </span>
     <span class='ocr_line' id='line_1_25' title="bbox 193 2132 1376 2194; baseline 0 -14"><span class='ocrx_word' id='word_1_149' title='bbox 193 2132 490 2194; x_wconf 80' lang='lat' dir='ltr'>Praepositus</span> <span class='ocrx_word' id='word_1_150' title='bbox 528 2133 631 2194; x_wconf 83' lang='lat' dir='ltr'>ipse</span> <span class='ocrx_word' id='word_1_151' title='bbox 677 2140 978 2181; x_wconf 89' lang='lat' dir='ltr'>conventum</span> <span class='ocrx_word' id='word_1_152' title='bbox 1014 2134 1376 2181; x_wconf 83' lang='lat' dir='ltr'>continuaverit</span> 
     </span>
     <span class='ocr_line' id='line_1_26' title="bbox 191 2211 784 2262; baseline -0.002 0"><span class='ocrx_word' id='word_1_153' title='bbox 191 2220 278 2262; x_wconf 82' lang='lat' dir='ltr'>aut</span> <span class='ocrx_word' id='word_1_154' title='bbox 301 2211 360 2259; x_wconf 91' lang='lat' dir='ltr'>de</span> <span class='ocrx_word' id='word_1_155' title='bbox 385 2228 512 2259; x_wconf 85' lang='lat' dir='ltr'>novo</span> <span class='ocrx_word' id='word_1_156' title='bbox 539 2212 784 2261; x_wconf 81' lang='lat' dir='ltr'>indixerit.</span> 
     </span>
    </p>
   </div>
  </div>
 </body>
</html>
