1504 2501
765 176 818 218 15

128 354 133 356 ,
201 313 299 352 tam
332 321 419 368 pro
452 304 580 350 bono
606 304 835 351 Ecclesia}
860 304 1089 366 generali,
1119 304 1260 366 quam
1288 321 1377 369 pro

201 385 320 432 sana
350 384 703 446 gubernatione
736 392 784 430 et
819 386 1057 445 regimine
1089 385 1296 447 Collegii
1330 393 1380 433 et

200 465 546 512 Universitatis
569 463 817 527 p1·aeclietae‚
854 470 903 510 et
936 480 1026 527 pro
1063 464 1380 528 dispositione

201 545 639 610 aopraeservatione
650 543 946 598 reddituum,
966 544 1375 600 revenditionum,

201 634 250 674 et
283 625 644 690 possessionum
683 623 797 670 dieti
835 623 1058 685 Collegii,
1087 640 1144 671 ae
1169 624 1378 671 aliorum

200 706 534 767 Collegiorum
559 705 659 750 sive
684 703 924 749 Aularum
946 705 996 749 in
1022 704 1152 751 dieta
1171 704 1378 752 Univer-

199 787 341 833 sitate
378 787 425 831 in
466 791 713 848 posterum
747 783 1094 845 erIgendarum
1127 791 1176 831 et
1199 785 1379 831 stabili-

200 867 469 914 endarum:
509 865 697 911 Idcirco
722 880 878 927 operae
904 866 1115 926 pretium
1142 871 1191 911 et
1214 881 1380 912 neces-

199 949 382 994 sarium
413 946 619 1000 videtur,
656 945 784 1006 quod
817 945 1001 991 dietum
1029 945 1305 1007 Collegium
1332 953 1380 992 et

200 1027 507 1074 Universitas
535 1024 752 1070 habeant
783 1023 979 1087 plenam
1015 1030 1064 1070 et
1103 1025 1376 1072 absolutam

197 1113 492 1171 potestatem
536 1104 658 1150 duos
698 1103 978 1164 Burgenses
1010 1103 1070 1151 de
1097 1106 1266 1168 seipsis
1285 1106 1379 1153 ele-

200 1186 360 1250 gendi,
391 1200 569 1246 eosque
596 1183 823 1229 mittendi
844 1183 905 1229 ad
934 1199 1215 1248 supremam
1242 1187 1377 1234 illam

200 1268 385 1315 curiam
413 1265 753 1320 Parliamenti,
783 1267 830 1310 in
870 1266 965 1312 hoe
1010 1282 1161 1328 regno
1210 1275 1378 1315 nostro

200 1348 463 1402 Hiberniae,
501 1346 560 1393 de
585 1352 807 1409 tempore
833 1347 882 1391 in
908 1353 1118 1409 tempus,
1144 1348 1343 1394 tenendi
1364 1366 1374 1394 :

198 1431 255 1477 In
290 1429 385 1491 qua
409 1426 604 1490 quidem
633 1426 769 1472 curia
787 1424 1070 1488 hujusmodi
1096 1426 1377 1489 Burgenses

197 1512 265 1557 sio
294 1510 436 1556 electi
468 1514 516 1554 et
550 1508 701 1563 missi,
727 1505 868 1568 juxta
893 1508 1101 1553 formam
1129 1507 1377 1555 Universi-

198 1592 311 1638 tatis
328 1588 628 1636 Oxoniensis
645 1593 693 1633 et
705 1586 1124 1648 Cantabrigiensis
1136 1587 1183 1632 in
1198 1587 1379 1649 Anglia

196 1675 444 1726 usitatam,
472 1677 645 1716 notum
666 1668 850 1714 faciant
874 1683 1041 1714 verum
1061 1673 1240 1713 statum
1260 1668 1376 1714 dieti

197 1752 405 1813 Collegii
426 1766 483 1797 ae
502 1748 846 1795 Universitatis
863 1747 1042 1793 ibidem
1060 1764 1071 1800 ;
1098 1746 1174 1793 Ita
1200 1753 1253 1793 ut
1271 1748 1377 1793 nul-

194 1833 297 1879 lum
318 1836 554 1877 statutum
574 1834 658 1873 aut
682 1833 819 1873 aetus
843 1826 1083 1888 generalis
1108 1825 1239 1872 dieto
1265 1826 1377 1873 Col-

195 1914 322 1975 legio
349 1927 406 1958 ae
436 1908 754 1958 Universitati
776 1907 1025 1971 privatim,
1045 1907 1150 1952 sine
1159 1904 1296 1968 justa
1319 1921 1376 1952 ae

196 1993 357 2041 debita
395 1992 568 2037 notitia
600 1996 649 2036 et
683 1989 1034 2036 informatione
1067 1988 1117 2033 in
1152 1985 1209 2034 eii
1235 1993 1375 2050 parte

196 2071 378 2125 habita,
415 2067 697 2134 praejudieet
733 2075 818 2114 aut
853 2073 1057 2121 noceat3
1100 2066 1375 2114 SCIATIS

196 2153 325 2216 quod
350 2167 455 2207 neS,
494 2150 553 2197 de
583 2149 741 2211 gratia
776 2148 946 2195 nostra
973 2147 1190 2211 speciali,
1223 2161 1281 2192 ac
1312 2162 1373 2193 ex

195 2230 543 2282 eertaseientia
552 2236 599 2277 et
609 2245 746 2276 mero
756 2234 892 2275 motu
901 2228 1093 2284 nostris,
1105 2227 1164 2274 de
1175 2242 1374 2274 assensu
