1504 2501
787 125 852 178 7⁶2

609 497 849 547 CAPUT
889 496 1026 544 VIII.

532 710 891 743 JURAMENTUM
929 708 1075 741 SOCII.

228 891 258 912 ⁶⁶
288 873 449 930 EGO
476 880 539 927 G.
568 880 626 927 C.
653 881 834 929 electus
859 882 912 928 in
946 897 1211 929 numerum
1251 882 1418 930 Socio-

229 971 260 992 “
285 979 395 1011 rum
432 961 576 1024 hujus
624 961 849 1023 Collegii,
888 969 1055 1009 sancte
1107 978 1272 1009 coram
1310 962 1420 1011 Deo

230 1053 261 1074 “
286 1046 536 1110 profiteor,
563 1060 642 1091 me
671 1044 831 1091 Saorae
859 1043 1125 1108 Scripturae
1150 1046 1422 1094 authorita-

229 1133 261 1152 “
286 1134 387 1173 tem
415 1126 465 1171 in
497 1124 733 1186 religione
777 1139 1023 1170 summam
1065 1140 1346 1186 agnoscere,
1373 1132 1421 1173 et

230 1213 262 1234 “
287 1221 587 1268 quaecunque
623 1205 675 1251 in
714 1204 900 1251 Sancto
941 1203 1038 1251 Dei
1071 1205 1236 1253 Verbo
1270 1207 1426 1253 conti-

232 1292 263 1313 “
288 1292 485 1341 nentur,
513 1300 627 1332 vere
652 1290 702 1331 et
726 1299 785 1331 ex
815 1285 981 1331 animo
1016 1284 1231 1341 credere,
1260 1292 1309 1332 et
1332 1302 1420 1349 pro

231 1372 262 1394 “
286 1365 522 1413 facultate
558 1365 670 1411 mea
689 1362 918 1411 omnibus
943 1363 1274 1426 opinionibus,
1302 1381 1422 1426 quas

231 1450 263 1472 ‘⁶
289 1446 370 1492 vel
390 1445 657 1500 Pontificii,
680 1443 757 1490 vel
778 1443 860 1489 alii
883 1449 1055 1490 contra
1078 1443 1238 1491 Sacrae
1262 1431 1438 1508 Scripss

232 1532 264 1553 ‘⁶
290 1533 413 1572 turae
457 1525 717 1572 veritatem
760 1529 978 1581 tuentur,
1022 1530 1306 1571 constanter
1352 1539 1425 1570 re-

235 1611 266 1631 “
292 1610 643 1668 pugnaturum.
698 1601 845 1657 Quod
871 1602 932 1649 ad
957 1601 1165 1664 Regiam
1191 1602 1425 1649 Authori-

235 1690 265 1711 “
290 1690 446 1731 tatem
493 1683 686 1738 attinet,
733 1681 1047 1728 Serenissimi
1097 1696 1233 1728 nunc
1274 1681 1425 1743 Regis

238 1772 269 1792 “
498 1800 509 1820 ,
538 1779 647 1810 earn
673 1762 945 1810 secundum
978 1761 1142 1809 Deum
1180 1777 1424 1808 summam

236 1852 267 1872 “
304 1847 356 1892 in
393 1846 556 1907 regnis
603 1844 811 1904 Angliae,
857 1842 1050 1898 Scotiae,
1091 1848 1140 1889 et
1176 1841 1425 1888 Hiberniae

235 1930 264 1950 ‘⁶
291 1940 395 1971 esse
420 1939 647 1986 agnosco,
673 1930 721 1970 et
741 1923 924 1970 nullius
949 1922 1139 1969 externi
1165 1921 1425 1985 Principis,

235 2011 263 2033 ‘⁶
291 2014 376 2052 aut
403 2006 656 2053 Pontificis
689 2006 920 2069 potestati
945 2004 1226 2052 obnoxiam.
1298 2003 1424 2050 Item

235 2095 263 2116 ‘⁶
289 2087 576 2135 solemniter
600 2087 716 2149 juro
753 2104 833 2135 me
858 2103 1018 2149 neque
1054 2103 1188 2140 nunc
1223 2102 1422 2134 uxorem

235 2177 263 2197 ‘⁶
288 2168 485 2219 habere,
525 2176 573 2215 et
609 2170 648 2216 si
683 2169 800 2216 dum
838 2169 997 2217 socius
1034 2166 1181 2230 hujus
1217 2166 1425 2228 Collegii
