1458 2455
630 148 712 197 161

85 289 342 332 censeatur
362 302 374 342 3
398 288 447 330 et
469 280 675 346 proinde
699 278 884 326 nullam
910 277 1118 341 gratiam
1137 276 1257 324 reci-

83 365 207 412 tabit
230 363 530 412 Procurator
552 362 646 409 nisi
670 376 817 423 quam
836 360 939 423 ipse
959 357 1256 422 approbave=

85 446 161 490 rit.

152 523 555 571 Vicecancellarii
598 522 799 584 insuper
835 526 954 573 esto,
1001 517 1258 582 providere

83 610 138 650 ut
161 603 414 650 Exercitia
441 601 749 649 Scholastica
784 616 873 664 pro
913 598 1142 662 gradibus
1179 597 1258 644 de-

83 683 182 730 bite
218 688 545 746 peragantur;
582 687 631 729 et
666 687 721 728 ut
762 696 910 727 nemo
959 679 1020 726 ad
1053 678 1259 741 gradum

84 769 447 827 promoveatur,
474 763 567 809 nisi
589 761 725 826 prius
744 765 972 824 suscepto
997 759 1261 823 Suprema·

86 844 163 891 tus
186 844 330 906 Regii
347 842 648 906 juramento.

165 923 244 969 Ad
290 924 450 986 ipsum
496 928 730 985 piaetelea
781 925 982 984 spectet,
1038 917 1261 982 publicos

86 1002 361 1050 Academiae
388 1002 665 1050 Officiarios
709 1000 772 1048 ad
811 1015 1019 1047 munera
1060 999 1261 1061 diligen·

87 1090 161 1130 ter
208 1083 484 1147 praestanda
529 1083 741 1146 adigere.
813 1081 969 1130 Curet
1014 1081 1162 1143 igitur
1207 1086 1262 1126 ut

86 1164 188 1211 bini
251 1164 604 1212 Procuratores
673 1164 834 1211 officia
902 1178 991 1209 sua
1058 1161 1262 1208 solerter

88 1245 280 1302 obeant,
320 1253 565 1293 cessantes
602 1260 717 1292 vero
754 1259 843 1308 pro
879 1242 1082 1290 arbitrio
1123 1242 1264 1305 puni-

89 1333 153 1373 at.

154 1406 309 1454 Curet
346 1421 508 1468 porro,
535 1411 589 1452 ut
613 1404 837 1469 publicus
866 1403 1025 1451 Sacrae
1051 1400 1264 1449 Theolo-

87 1488 177 1549 giae
208 1484 461 1533 Professor
497 1484 851 1548 disputationes
887 1498 976 1546 pro
1016 1479 1265 1528 Gradibus

91 1565 404 1626 Theologicis
427 1564 596 1611 sedulo
621 1563 930 1615 moderetur3
956 1575 1150 1621 easque,
1185 1558 1265 1605 de-

89 1646 438 1693 terminatione
465 1645 515 1690 in
549 1643 754 1690 alteram
780 1642 1095 1703 quaestionem
1119 1637 1263 1692 facta,

91 1725 385 1784 concludat3
418 1731 667 1788 praeterea,
708 1729 763 1770 ut
802 1721 1002 1768 alternis
1038 1719 1265 1782 septima-

91 1808 180 1861 nis,
221 1805 272 1851 in
307 1819 604 1865 unoquoque
637 1802 865 1855 termino,
890 1799 1266 1847 Praelectionem

95 1884 447 1946 Theologicam
472 1883 686 1942 habeat3
714 1898 861 1944 quam
899 1882 939 1927 si
979 1879 1264 1941 neglexerit,

91 1967 305 2028 quinque
323 1964 505 2022 solidis,
530 1980 618 2027 pro
638 1962 926 2025 unaquaque
950 1961 1053 2008 vice
1071 1958 1264 2010 omissa,

93 2046 154 2093 ab
189 2047 294 2110 ipso
319 2046 737 2094 Vicecancellario
769 2045 1048 2092 mulctetur.
1120 2042 1267 2098 Quod

97 2128 245 2175 etiam
271 2126 331 2174 de
356 2126 640 2175 Professore
665 2127 715 2173 in
740 2131 947 2188 utroque
969 2122 1083 2188 jure
1127 2122 1267 2170 intel-

92 2207 175 2269 ligi
200 2206 438 2255 volumus.
