1504 2501
217 190 248 220 x
440 169 822 219 ELENCHUS
860 166 1198 217 CAPITUM.

218 318 339 367 CAp.
366 335 480 366 V111.
505 318 583 366 De
597 317 857 365 Exercitiis
873 313 1154 380 praestandis
1171 328 1261 376 pro
1299 258 1388 307 Pag.

285 397 459 445 Gradu
494 395 906 443 Baeculaureatfis
943 399 992 440 et
1024 391 1262 439 Doctora-
1334 422 1337 424 -

285 477 362 524 tus
401 478 451 523 in
500 476 801 537 Theologi2313
843 474 999 535 deque
1048 473 1156 519 aliis
1202 471 1263 518 ad

283 557 480 606 eosdem
506 556 704 603 Gradus
726 555 971 617 requisitis
1080 590 1089 599 .,
1167 589 1176 598 .
1250 588 1259 597 .
1300 554 1385 607 171

224 681 342 729 CAP.
372 697 435 727 ix.
461 680 539 726 De
565 677 813 726 Gradibus
837 678 887 722 in
912 681 1120 736 utroque
1144 673 1265 721 Jure

287 759 596 824 capessendis
664 789 1257 804 ........
1308 755 1397 806 173

224 887 354 933 CAP.
382 899 428 932 x:
454 885 532 932 De
563 882 809 931 Gradibus
834 881 884 927 in
911 878 1156 927 Medicina
1193 892 1268 924 ea-

288 964 538 1030 pessendis
592 991 1262 1009 .........
1311 959 1401 1012 175

226 1088 303 1135 De
350 1086 446 1134 Die
479 1081 758 1133 celebrandi
808 1079 1026 1128 Comitia
1096 1113 1104 1122 .
1178 1112 1188 1123 .
1261 1113 1269 1121 .
1313 1075 1401 1131 17ss

298 1291 925 1347 SUPPLICATIONUM
960 1287 1336 1338 FORMULAE.

230 1472 464 1521 Formula
491 1466 812 1533 Supplicandi
860 1480 948 1529 pro
975 1463 1146 1511 Gradu
1172 1462 1275 1510 Ma-

295 1554 478 1617 gisterii
505 1553 555 1598 in
580 1548 782 1596 Artibus
852 1579 1273 1593 ......
1314 1544 1405 1598 178

233 1680 332 1726 Pro
350 1675 522 1724 Gradu
538 1672 836 1721 Doctoratfis
860 1670 909 1716 in
928 1666 1200 1727 Theologia
1270 1701 1278 1708 .
1339 1662 1403 1708 ib.

232 1799 467 1849 Formula
499 1794 804 1861 supplicandi
843 1808 930 1857 pro
956 1789 1129 1838 Gradu
1153 1788 1277 1835 Bac-

299 1881 604 1929 calaureatfis
653 1878 703 1923 in
742 1873 945 1921 Artibus
1015 1906 1025 1917 .
1097 1904 1107 1915 .
1181 1904 1191 1914 .
1263 1902 1272 1912 .
1319 1869 1454 1918 179·

234 2006 333 2052 Pro
359 2002 534 2050 Gradu
557 1998 828 2061 Magisterii
853 1998 904 2043 in
928 1992 1130 2042 Artibus
1199 2025 1211 2036 .
1279 2023 1290 2035 .
1344 1987 1406 2034 ib.

235 2128 334 2175 Pro
347 2124 518 2172 Gradu
535 2122 946 2170 Baeculaureatfis
971 2119 1019 2164 in
1049 2116 1099 2163 S.
1119 2113 1279 2162 Theo-

301 2208 427 2269 logis
519 2226 1276 2250 ..........
1322 2192 1410 2233 leo
