<?xml version="1.0" encoding="UTF-8"?>
<!DOCTYPE html PUBLIC "-//W3C//DTD XHTML 1.0 Transitional//EN"
    "http://www.w3.org/TR/xhtml1/DTD/xhtml1-transitional.dtd">
<html xmlns="http://www.w3.org/1999/xhtml" xml:lang="en" lang="en">
 <head>
  <title>
</title>
<meta http-equiv="Content-Type" content="text/html;charset=utf-8" />
  <meta name='ocr-system' content='tesseract 3.04.00' />
  <meta name='ocr-capabilities' content='ocr_page ocr_carea ocr_par ocr_line ocrx_word'/>
</head>
<body>
  <div class='ocr_page' id='page_1' title='image "./chartaeetstatuta00trinuoft_0037.png"; bbox 0 0 1458 2455; ppageno 0'>
   <div class='ocr_carea' id='block_1_1' title="bbox 665 147 721 189">
    <p class='ocr_par' dir='ltr' id='par_1_1' title="bbox 665 147 721 189">
     <span class='ocr_line' id='line_1_1' title="bbox 665 147 721 189; baseline 0 0"><span class='ocrx_word' id='word_1_1' title='bbox 665 147 721 189; x_wconf 80' lang='lat'>21</span> 
     </span>
    </p>
   </div>
   <div class='ocr_carea' id='block_1_2' title="bbox 108 274 1309 2262">
    <p class='ocr_par' dir='ltr' id='par_1_2' title="bbox 108 274 1309 2262">
     <span class='ocr_line' id='line_1_2' title="bbox 109 274 1280 338; baseline -0.006 -10"><span class='ocrx_word' id='word_1_2' title='bbox 109 281 260 338; x_wconf 86' lang='lat' dir='ltr'>bonae,</span> <span class='ocrx_word' id='word_1_3' title='bbox 298 278 613 331; x_wconf 85' lang='lat' dir='ltr'>sufficientes,</span> <span class='ocrx_word' id='word_1_4' title='bbox 661 281 710 321; x_wconf 88' lang='lat' dir='ltr'>et</span> <span class='ocrx_word' id='word_1_5' title='bbox 751 274 1033 321; x_wconf 79' lang='lat' dir='ltr'>effectuales</span> <span class='ocrx_word' id='word_1_6' title='bbox 1078 275 1128 321; x_wconf 92' lang='lat' dir='ltr'>in</span> <span class='ocrx_word' id='word_1_7' title='bbox 1158 274 1280 336; x_wconf 85' lang='lat' dir='ltr'>lege,</span> 
     </span>
     <span class='ocr_line' id='line_1_3' title="bbox 108 355 1283 409; baseline -0.005 -2"><span class='ocrx_word' id='word_1_8' title='bbox 108 358 378 407; x_wconf 88' lang='lat' dir='ltr'>secundum</span> <span class='ocrx_word' id='word_1_9' title='bbox 424 372 592 404; x_wconf 82' lang='lat' dir='ltr'>veram</span> <span class='ocrx_word' id='word_1_10' title='bbox 629 356 957 401; x_wconf 85' lang='lat' dir='ltr'>intentionem</span> <span class='ocrx_word' id='word_1_11' title='bbox 997 355 1283 409; x_wconf 82' lang='lat' dir='ltr'>earundem,</span> 
     </span>
     <span class='ocr_line' id='line_1_4' title="bbox 111 434 1286 500; baseline -0.004 -14"><span class='ocrx_word' id='word_1_12' title='bbox 111 440 273 500; x_wconf 84' lang='lat' dir='ltr'>aliquo</span> <span class='ocrx_word' id='word_1_13' title='bbox 298 444 496 491; x_wconf 83' lang='lat' dir='ltr'>statutO,</span> <span class='ocrx_word' id='word_1_14' title='bbox 525 442 653 490; x_wconf 80' lang='lat' dir='ltr'>actu,</span> <span class='ocrx_word' id='word_1_15' title='bbox 683 434 1011 490; x_wconf 49' lang='lat' dir='ltr'>ordinatione,</span> <span class='ocrx_word' id='word_1_16' title='bbox 1048 435 1147 481; x_wconf 88' lang='lat' dir='ltr'>sive</span> <span class='ocrx_word' id='word_1_17' title='bbox 1180 450 1286 497; x_wconf 87' lang='lat' dir='ltr'>pro-</span> 
     </span>
     <span class='ocr_line' id='line_1_5' title="bbox 109 514 1291 570; baseline -0.005 -5"><span class='ocrx_word' id='word_1_18' title='bbox 109 520 297 565; x_wconf 79' lang='lat' dir='ltr'>visione</span> <span class='ocrx_word' id='word_1_19' title='bbox 323 517 532 564; x_wconf 82' lang='lat' dir='ltr'>antehac</span> <span class='ocrx_word' id='word_1_20' title='bbox 562 516 701 570; x_wconf 49' lang='lat' dir='ltr'>facte,</span> <span class='ocrx_word' id='word_1_21' title='bbox 741 515 882 569; x_wconf 55' lang='lat' dir='ltr'>editu,</span> <span class='ocrx_word' id='word_1_22' title='bbox 918 514 1156 569; x_wconf 52' lang='lat' dir='ltr'>ordinato,</span> <span class='ocrx_word' id='word_1_23' title='bbox 1190 515 1291 560; x_wconf 89' lang='lat' dir='ltr'>sive</span> 
     </span>
     <span class='ocr_line' id='line_1_6' title="bbox 111 592 1292 661; baseline -0.004 -16"><span class='ocrx_word' id='word_1_24' title='bbox 111 598 314 661; x_wconf 53' lang='lat' dir='ltr'>provise,</span> <span class='ocrx_word' id='word_1_25' title='bbox 334 604 418 644; x_wconf 85' lang='lat' dir='ltr'>aut</span> <span class='ocrx_word' id='word_1_26' title='bbox 438 597 600 657; x_wconf 58' lang='lat' dir='ltr'>aliqu&amp;</span> <span class='ocrx_word' id='word_1_27' title='bbox 616 595 708 641; x_wconf 63' lang='lat' dir='ltr'>alifi</span> <span class='ocrx_word' id='word_1_28' title='bbox 724 611 794 648; x_wconf 87' lang='lat' dir='ltr'>re,</span> <span class='ocrx_word' id='word_1_29' title='bbox 814 592 975 649; x_wconf 66' lang='lat' dir='ltr'>censii,</span> <span class='ocrx_word' id='word_1_30' title='bbox 994 594 1068 641; x_wconf 91' lang='lat' dir='ltr'>vel</span> <span class='ocrx_word' id='word_1_31' title='bbox 1088 596 1292 647; x_wconf 59' lang='lat' dir='ltr'>materie</span> 
     </span>
     <span class='ocr_line' id='line_1_7' title="bbox 113 675 1292 740; baseline -0.004 -15"><span class='ocrx_word' id='word_1_32' title='bbox 113 694 437 740; x_wconf 86' lang='lat' dir='ltr'>quacumque,</span> <span class='ocrx_word' id='word_1_33' title='bbox 470 678 520 723; x_wconf 89' lang='lat' dir='ltr'>in</span> <span class='ocrx_word' id='word_1_34' title='bbox 550 676 714 738; x_wconf 80' lang='lat' dir='ltr'>aliquo</span> <span class='ocrx_word' id='word_1_35' title='bbox 750 691 850 721; x_wconf 90' lang='lat' dir='ltr'>non</span> <span class='ocrx_word' id='word_1_36' title='bbox 883 675 1122 721; x_wconf 78' lang='lat' dir='ltr'>obstante.</span> <span class='ocrx_word' id='word_1_37' title='bbox 1193 675 1292 721; x_wconf 88' lang='lat' dir='ltr'>Vo-</span> 
     </span>
     <span class='ocr_line' id='line_1_8' title="bbox 112 755 1295 820; baseline -0.004 -14"><span class='ocrx_word' id='word_1_38' title='bbox 112 760 276 806; x_wconf 89' lang='lat' dir='ltr'>lumus</span> <span class='ocrx_word' id='word_1_39' title='bbox 323 760 488 813; x_wconf 82' lang='lat' dir='ltr'>etiam,</span> <span class='ocrx_word' id='word_1_40' title='bbox 541 764 590 804; x_wconf 89' lang='lat' dir='ltr'>et</span> <span class='ocrx_word' id='word_1_41' title='bbox 625 773 713 820; x_wconf 86' lang='lat' dir='ltr'>pro</span> <span class='ocrx_word' id='word_1_42' title='bbox 749 755 904 810; x_wconf 83' lang='lat' dir='ltr'>nobis,</span> <span class='ocrx_word' id='word_1_43' title='bbox 942 755 1204 802; x_wconf 74' lang='lat' dir='ltr'>heredibus</span> <span class='ocrx_word' id='word_1_44' title='bbox 1247 761 1295 802; x_wconf 92' lang='lat' dir='ltr'>et</span> 
     </span>
     <span class='ocr_line' id='line_1_9' title="bbox 115 835 1297 900; baseline -0.005 -13"><span class='ocrx_word' id='word_1_45' title='bbox 115 838 473 887; x_wconf 88' lang='lat' dir='ltr'>successoribus</span> <span class='ocrx_word' id='word_1_46' title='bbox 492 838 671 885; x_wconf 84' lang='lat' dir='ltr'>nostris</span> <span class='ocrx_word' id='word_1_47' title='bbox 686 853 774 900; x_wconf 85' lang='lat' dir='ltr'>per</span> <span class='ocrx_word' id='word_1_48' title='bbox 792 842 1056 899; x_wconf 78' lang='lat' dir='ltr'>praesentes</span> <span class='ocrx_word' id='word_1_49' title='bbox 1075 835 1297 882; x_wconf 88' lang='lat' dir='ltr'>concedi-</span> 
     </span>
     <span class='ocr_line' id='line_1_10' title="bbox 116 916 1298 980; baseline -0.003 -14"><span class='ocrx_word' id='word_1_50' title='bbox 116 935 225 966; x_wconf 90' lang='lat' dir='ltr'>mus</span> <span class='ocrx_word' id='word_1_51' title='bbox 242 919 423 965; x_wconf 88' lang='lat' dir='ltr'>eisdem</span> <span class='ocrx_word' id='word_1_52' title='bbox 445 917 732 980; x_wconf 71' lang='lat' dir='ltr'>Praeposito,</span> <span class='ocrx_word' id='word_1_53' title='bbox 765 916 936 971; x_wconf 80' lang='lat' dir='ltr'>Sociis,</span> <span class='ocrx_word' id='word_1_54' title='bbox 965 923 1013 963; x_wconf 87' lang='lat' dir='ltr'>et</span> <span class='ocrx_word' id='word_1_55' title='bbox 1052 916 1298 962; x_wconf 69' lang='grc' dir='ltr'><strong>8611016ιῆ-</strong></span> 
     </span>
     <span class='ocr_line' id='line_1_11' title="bbox 118 995 1295 1059; baseline -0.005 -12"><span class='ocrx_word' id='word_1_56' title='bbox 118 1001 207 1047; x_wconf 91' lang='lat' dir='ltr'>bus</span> <span class='ocrx_word' id='word_1_57' title='bbox 253 999 369 1046; x_wconf 89' lang='lat' dir='ltr'>dicti</span> <span class='ocrx_word' id='word_1_58' title='bbox 408 998 617 1059; x_wconf 74' lang='lat' dir='ltr'>collegii</span> <span class='ocrx_word' id='word_1_59' title='bbox 656 995 785 1057; x_wconf 83' lang='lat' dir='ltr'>quod</span> <span class='ocrx_word' id='word_1_60' title='bbox 817 996 1033 1042; x_wconf 79' lang='lat' dir='ltr'>habeant</span> <span class='ocrx_word' id='word_1_61' title='bbox 1070 1002 1119 1041; x_wconf 89' lang='lat' dir='ltr'>et</span> <span class='ocrx_word' id='word_1_62' title='bbox 1151 995 1295 1041; x_wconf 80' lang='lat' dir='ltr'>habe-</span> 
     </span>
     <span class='ocr_line' id='line_1_12' title="bbox 118 1077 1296 1140; baseline -0.003 -13"><span class='ocrx_word' id='word_1_63' title='bbox 118 1079 242 1126; x_wconf 90' lang='lat' dir='ltr'>bunt</span> <span class='ocrx_word' id='word_1_64' title='bbox 264 1080 353 1126; x_wconf 80' lang='lat' dir='ltr'>has</span> <span class='ocrx_word' id='word_1_65' title='bbox 376 1080 542 1126; x_wconf 78' lang='lat' dir='ltr'>literas</span> <span class='ocrx_word' id='word_1_66' title='bbox 567 1084 757 1124; x_wconf 80' lang='lat' dir='ltr'>nostras</span> <span class='ocrx_word' id='word_1_67' title='bbox 774 1083 997 1140; x_wconf 81' lang='lat' dir='ltr'>patentes</span> <span class='ocrx_word' id='word_1_68' title='bbox 1014 1077 1102 1123; x_wconf 89' lang='lat' dir='ltr'>sub</span> <span class='ocrx_word' id='word_1_69' title='bbox 1120 1093 1296 1139; x_wconf 77' lang='lat' dir='ltr'>magno</span> 
     </span>
     <span class='ocr_line' id='line_1_13' title="bbox 119 1155 1298 1220; baseline -0.001 -16"><span class='ocrx_word' id='word_1_70' title='bbox 119 1158 276 1220; x_wconf 81' lang='lat' dir='ltr'>sigillo</span> <span class='ocrx_word' id='word_1_71' title='bbox 299 1165 467 1204; x_wconf 86' lang='lat' dir='ltr'>nostro</span> <span class='ocrx_word' id='word_1_72' title='bbox 494 1156 760 1207; x_wconf 60' lang='lat' dir='ltr'>Hiberniae,</span> <span class='ocrx_word' id='word_1_73' title='bbox 787 1155 949 1202; x_wconf 80' lang='lat' dir='ltr'>debito</span> <span class='ocrx_word' id='word_1_74' title='bbox 977 1156 1122 1202; x_wconf 82' lang='lat' dir='ltr'>modo</span> <span class='ocrx_word' id='word_1_75' title='bbox 1147 1156 1298 1203; x_wconf 77' lang='lat' dir='ltr'>factas</span> 
     </span>
     <span class='ocr_line' id='line_1_14' title="bbox 121 1237 1299 1300; baseline -0.002 -15"><span class='ocrx_word' id='word_1_76' title='bbox 121 1245 169 1285; x_wconf 89' lang='lat' dir='ltr'>et</span> <span class='ocrx_word' id='word_1_77' title='bbox 203 1238 451 1300; x_wconf 80' lang='lat' dir='ltr'>sigillatas,</span> <span class='ocrx_word' id='word_1_78' title='bbox 492 1237 671 1298; x_wconf 80' lang='lat' dir='ltr'>absque</span> <span class='ocrx_word' id='word_1_79' title='bbox 705 1238 802 1283; x_wconf 89' lang='lat' dir='ltr'>fine</span> <span class='ocrx_word' id='word_1_80' title='bbox 840 1252 1018 1297; x_wconf 76' lang='lat' dir='ltr'>magno</span> <span class='ocrx_word' id='word_1_81' title='bbox 1047 1237 1119 1282; x_wconf 86' lang='lat' dir='ltr'>vel</span> <span class='ocrx_word' id='word_1_82' title='bbox 1151 1253 1299 1299; x_wconf 81' lang='lat' dir='ltr'>parvo</span> 
     </span>
     <span class='ocr_line' id='line_1_15' title="bbox 122 1316 1294 1383; baseline -0.003 -19"><span class='ocrx_word' id='word_1_83' title='bbox 122 1316 535 1383; x_wconf 76' lang='lat' dir='ltr'>proindenobisin</span> <span class='ocrx_word' id='word_1_84' title='bbox 561 1317 851 1379; x_wconf 78' lang='lat' dir='ltr'>Hanaperio</span> <span class='ocrx_word' id='word_1_85' title='bbox 862 1322 1044 1371; x_wconf 81' lang='lat' dir='ltr'>nostro,</span> <span class='ocrx_word' id='word_1_86' title='bbox 1067 1332 1153 1362; x_wconf 81' lang='lat' dir='ltr'>seu</span> <span class='ocrx_word' id='word_1_87' title='bbox 1164 1316 1294 1371; x_wconf 82' lang='lat' dir='ltr'>alibi,</span> 
     </span>
     <span class='ocr_line' id='line_1_16' title="bbox 123 1395 1301 1451; baseline -0.004 -5"><span class='ocrx_word' id='word_1_88' title='bbox 123 1399 185 1446; x_wconf 84' lang='lat' dir='ltr'>ad</span> <span class='ocrx_word' id='word_1_89' title='bbox 209 1414 351 1445; x_wconf 90' lang='lat' dir='ltr'>usum</span> <span class='ocrx_word' id='word_1_90' title='bbox 378 1404 602 1444; x_wconf 86' lang='lat' dir='ltr'>nostrum</span> <span class='ocrx_word' id='word_1_91' title='bbox 628 1395 894 1450; x_wconf 89' lang='lat' dir='ltr'>reddendo,</span> <span class='ocrx_word' id='word_1_92' title='bbox 923 1395 1172 1451; x_wconf 87' lang='lat' dir='ltr'>solvendo,</span> <span class='ocrx_word' id='word_1_93' title='bbox 1212 1410 1301 1441; x_wconf 86' lang='lat' dir='ltr'>seu</span> 
     </span>
     <span class='ocr_line' id='line_1_17' title="bbox 123 1475 1301 1539; baseline -0.003 -14"><span class='ocrx_word' id='word_1_94' title='bbox 123 1477 385 1536; x_wconf 77' lang='lat' dir='ltr'>faciend03</span> <span class='ocrx_word' id='word_1_95' title='bbox 437 1477 512 1524; x_wconf 91' lang='lat' dir='ltr'>Eo</span> <span class='ocrx_word' id='word_1_96' title='bbox 560 1476 691 1538; x_wconf 88' lang='lat' dir='ltr'>quod</span> <span class='ocrx_word' id='word_1_97' title='bbox 736 1491 964 1539; x_wconf 83' lang='lat' dir='ltr'>expressa</span> <span class='ocrx_word' id='word_1_98' title='bbox 1009 1476 1195 1522; x_wconf 87' lang='lat' dir='ltr'>mentio</span> <span class='ocrx_word' id='word_1_99' title='bbox 1242 1475 1301 1521; x_wconf 87' lang='lat' dir='ltr'>de</span> 
     </span>
     <span class='ocr_line' id='line_1_18' title="bbox 124 1554 1300 1614; baseline -0.003 -9"><span class='ocrx_word' id='word_1_100' title='bbox 124 1574 240 1605; x_wconf 88' lang='lat' dir='ltr'>vero</span> <span class='ocrx_word' id='word_1_101' title='bbox 292 1557 458 1604; x_wconf 83' lang='lat' dir='ltr'>valore</span> <span class='ocrx_word' id='word_1_102' title='bbox 513 1571 695 1614; x_wconf 79' lang='lat' dir='ltr'>annuo,</span> <span class='ocrx_word' id='word_1_103' title='bbox 754 1563 839 1602; x_wconf 76' lang='lat' dir='ltr'>aut</span> <span class='ocrx_word' id='word_1_104' title='bbox 889 1555 949 1601; x_wconf 87' lang='lat' dir='ltr'>de</span> <span class='ocrx_word' id='word_1_105' title='bbox 1004 1554 1300 1602; x_wconf 82' lang='lat' dir='ltr'>certitudine</span> 
     </span>
     <span class='ocr_line' id='line_1_19' title="bbox 125 1633 1301 1703; baseline -0.003 -17"><span class='ocrx_word' id='word_1_106' title='bbox 125 1639 504 1703; x_wconf 74' lang='lat' dir='ltr'>praemissorum,</span> <span class='ocrx_word' id='word_1_107' title='bbox 543 1652 631 1683; x_wconf 90' lang='lat' dir='ltr'>seu</span> <span class='ocrx_word' id='word_1_108' title='bbox 666 1651 834 1682; x_wconf 84' lang='lat' dir='ltr'>eorum</span> <span class='ocrx_word' id='word_1_109' title='bbox 872 1633 1092 1696; x_wconf 81' lang='lat' dir='ltr'>alicujus,</span> <span class='ocrx_word' id='word_1_110' title='bbox 1123 1642 1208 1681; x_wconf 84' lang='lat' dir='ltr'>aut</span> <span class='ocrx_word' id='word_1_111' title='bbox 1242 1635 1301 1682; x_wconf 86' lang='lat' dir='ltr'>de</span> 
     </span>
     <span class='ocr_line' id='line_1_20' title="bbox 127 1715 1298 1778; baseline -0.003 -14"><span class='ocrx_word' id='word_1_112' title='bbox 127 1719 234 1764; x_wconf 81' lang='lat' dir='ltr'>aliis</span> <span class='ocrx_word' id='word_1_113' title='bbox 280 1718 420 1765; x_wconf 91' lang='lat' dir='ltr'>donis</span> <span class='ocrx_word' id='word_1_114' title='bbox 465 1718 565 1764; x_wconf 88' lang='lat' dir='ltr'>sive</span> <span class='ocrx_word' id='word_1_115' title='bbox 613 1715 1010 1763; x_wconf 78' lang='lat' dir='ltr'>concessionibus</span> <span class='ocrx_word' id='word_1_116' title='bbox 1058 1730 1146 1778; x_wconf 86' lang='lat' dir='ltr'>per</span> <span class='ocrx_word' id='word_1_117' title='bbox 1190 1731 1298 1770; x_wconf 74' lang='grc'><strong>1105,</strong></span> 
     </span>
     <span class='ocr_line' id='line_1_21' title="bbox 127 1796 1302 1861; baseline -0.005 -16"><span class='ocrx_word' id='word_1_118' title='bbox 127 1798 204 1846; x_wconf 87' lang='lat' dir='ltr'>vel</span> <span class='ocrx_word' id='word_1_119' title='bbox 235 1813 323 1861; x_wconf 88' lang='lat' dir='ltr'>per</span> <span class='ocrx_word' id='word_1_120' title='bbox 354 1798 565 1858; x_wconf 81' lang='lat' dir='ltr'>aliquem</span> <span class='ocrx_word' id='word_1_121' title='bbox 598 1796 970 1859; x_wconf 78' lang='lat' dir='ltr'>progenitorum</span> <span class='ocrx_word' id='word_1_122' title='bbox 1006 1800 1302 1849; x_wconf 82' lang='lat' dir='ltr'>nostrorum,</span> 
     </span>
     <span class='ocr_line' id='line_1_22' title="bbox 130 1872 1306 1939; baseline -0.006 -13"><span class='ocrx_word' id='word_1_123' title='bbox 130 1877 312 1927; x_wconf 85' lang='lat' dir='ltr'>eisdem</span> <span class='ocrx_word' id='word_1_124' title='bbox 350 1876 633 1939; x_wconf 72' lang='lat' dir='ltr'>Praeposito,</span> <span class='ocrx_word' id='word_1_125' title='bbox 687 1874 858 1926; x_wconf 77' lang='lat' dir='ltr'>Sociis,</span> <span class='ocrx_word' id='word_1_126' title='bbox 902 1878 951 1919; x_wconf 89' lang='lat' dir='ltr'>et</span> <span class='ocrx_word' id='word_1_127' title='bbox 990 1872 1306 1919; x_wconf 82' lang='lat' dir='ltr'>Scholaribus</span> 
     </span>
     <span class='ocr_line' id='line_1_23' title="bbox 132 1954 1304 2020; baseline -0.008 -10"><span class='ocrx_word' id='word_1_128' title='bbox 132 1963 249 2009; x_wconf 88' lang='lat' dir='ltr'>dicti</span> <span class='ocrx_word' id='word_1_129' title='bbox 285 1959 493 2020; x_wconf 85' lang='lat' dir='ltr'>Collegii</span> <span class='ocrx_word' id='word_1_130' title='bbox 530 1963 643 2003; x_wconf 85' lang='lat' dir='ltr'>ante</span> <span class='ocrx_word' id='word_1_131' title='bbox 679 1956 778 2002; x_wconf 81' lang='lat' dir='ltr'>haec</span> <span class='ocrx_word' id='word_1_132' title='bbox 814 1962 1040 2018; x_wconf 81' lang='lat' dir='ltr'>tempora</span> <span class='ocrx_word' id='word_1_133' title='bbox 1075 1954 1214 2001; x_wconf 80' lang='lat' dir='ltr'>factis</span> <span class='ocrx_word' id='word_1_134' title='bbox 1254 1956 1304 2001; x_wconf 91' lang='lat' dir='ltr'>in</span> 
     </span>
     <span class='ocr_line' id='line_1_24' title="bbox 132 2035 1307 2107; baseline -0.007 -19"><span class='ocrx_word' id='word_1_135' title='bbox 132 2039 448 2107; x_wconf 85' lang='lat' dir='ltr'>praesentibus</span> <span class='ocrx_word' id='word_1_136' title='bbox 483 2038 687 2084; x_wconf 85' lang='lat' dir='ltr'>minime</span> <span class='ocrx_word' id='word_1_137' title='bbox 733 2036 863 2082; x_wconf 81' lang='lat' dir='ltr'>facta</span> <span class='ocrx_word' id='word_1_138' title='bbox 909 2035 1104 2093; x_wconf 78' lang='lat' dir='ltr'>existit3</span> <span class='ocrx_word' id='word_1_139' title='bbox 1144 2035 1307 2096; x_wconf 78' lang='lat' dir='ltr'>aliquo</span> 
     </span>
     <span class='ocr_line' id='line_1_25' title="bbox 133 2117 1305 2180; baseline -0.009 -9"><span class='ocrx_word' id='word_1_140' title='bbox 133 2128 333 2177; x_wconf 84' lang='lat' dir='ltr'>statuto,</span> <span class='ocrx_word' id='word_1_141' title='bbox 373 2126 499 2174; x_wconf 84' lang='lat' dir='ltr'>actu,</span> <span class='ocrx_word' id='word_1_142' title='bbox 537 2118 846 2165; x_wconf 81' lang='lat' dir='ltr'>ordinatione</span> <span class='ocrx_word' id='word_1_143' title='bbox 878 2117 977 2163; x_wconf 87' lang='lat' dir='ltr'>sive</span> <span class='ocrx_word' id='word_1_144' title='bbox 1013 2117 1305 2180; x_wconf 85' lang='lat' dir='ltr'>provisione,</span> 
     </span>
     <span class='ocr_line' id='line_1_26' title="bbox 138 2196 1309 2262; baseline -0.007 -12"><span class='ocrx_word' id='word_1_145' title='bbox 138 2209 223 2250; x_wconf 85' lang='lat' dir='ltr'>aut</span> <span class='ocrx_word' id='word_1_146' title='bbox 270 2200 429 2262; x_wconf 57' lang='lat' dir='ltr'>alique</span> <span class='ocrx_word' id='word_1_147' title='bbox 477 2198 571 2246; x_wconf 65' lang='lat' dir='ltr'>alia</span> <span class='ocrx_word' id='word_1_148' title='bbox 612 2213 681 2252; x_wconf 85' lang='lat' dir='ltr'>re,</span> <span class='ocrx_word' id='word_1_149' title='bbox 719 2197 867 2244; x_wconf 55' lang='lat' dir='ltr'>causa</span> <span class='ocrx_word' id='word_1_150' title='bbox 906 2196 982 2243; x_wconf 85' lang='lat' dir='ltr'>vel</span> <span class='ocrx_word' id='word_1_151' title='bbox 1020 2197 1226 2243; x_wconf 58' lang='lat' dir='ltr'>materiei</span> <span class='ocrx_word' id='word_1_152' title='bbox 1257 2196 1309 2242; x_wconf 89' lang='lat' dir='ltr'>in</span> 
     </span>
    </p>
   </div>
  </div>
 </body>
</html>
