1504 2501
784 178 845 222 80

222 301 393 348 “Tibi
448 303 568 360 laus,
611 305 724 353 Tibi
766 307 940 363 honor,
988 308 1102 356 Tibi
1139 311 1309 374 gloria,
1357 317 1403 364 O

288 388 317 408 “
342 382 516 439 Beata,
545 391 594 432 et
626 384 858 434 Gloriosa
896 388 1130 437 Trinitas.
1206 394 1281 441 Sit
1318 411 1402 443 no-

285 470 314 490 “
340 479 457 511 men
488 464 696 513 Domini
729 466 1043 515 benedictum
1085 478 1134 518 et
1165 488 1312 530 nunc,
1354 482 1402 521 et

282 552 312 570 “
338 545 386 590 in
413 553 721 609 perpetuum.
794 547 1077 596 Laudamus
1107 550 1196 608 Te,
1238 552 1403 615 benig-

282 631 311 651 “
335 626 536 673 nissime
561 627 728 684 Pater,
757 644 845 691 pro
874 627 1226 689 Serenissimis,
1256 633 1401 696 Regi-

280 712 308 732 “
335 708 397 752 na
414 706 706 756 Elizabetha
716 707 863 772 hujus
874 709 1397 773 CollegiiConditrice,

279 792 309 811 ‘⁶
332 785 520 834 Jacobo
546 786 769 850 ejusdem
793 791 1255 840 munificentissimo
1285 810 1400 842 auc-

281 872 310 892 “
336 872 455 926 tore,
499 867 682 916 Carolo
714 878 1076 931 conservatore,
1121 876 1400 937 caeterisque

277 952 307 972 “
332 945 740 996 Benefactoribus
783 951 979 1006 nostris,
1025 960 1255 1014 rogantes
1304 954 1394 1011 Te,

279 1031 309 1050 “
335 1032 389 1072 ut
431 1026 505 1073 his
553 1029 650 1075 tuis
687 1029 831 1077 donis
878 1038 1009 1078 recte
1055 1041 1104 1079 et
1157 1034 1218 1081 ad
1259 1041 1396 1082 tuam

276 1112 304 1132 ‘⁶
329 1106 538 1167 gloriam
566 1115 763 1156 utentes
787 1110 838 1156 in
863 1110 957 1158 hoc
981 1112 1177 1171 saeculo,
1198 1113 1273 1162 Te
1298 1131 1398 1162 una

277 1191 307 1211 ‘⁶
333 1201 444 1233 cum
479 1187 704 1236 fidelibus
741 1191 793 1236 in
824 1189 991 1238 futuro
1035 1191 1245 1241 feliciter
1288 1211 1394 1258 per-

276 1272 305 1292 “
329 1266 568 1324 fruamur,
595 1284 685 1333 per
704 1268 959 1318 Christum
984 1270 1260 1320 Dominum
1285 1291 1393 1322 nos-

275 1352 305 1372 “
331 1348 517 1393 t1·um.''

263 1508 647 1557 Sacrosanctum
668 1509 989 1559 Eucharistiae
1008 1513 1389 1563 Sacramentum

204 1588 417 1636 secunda
457 1589 518 1636 ad
549 1590 814 1637 minimum
850 1591 1119 1640 Dominica
1152 1592 1387 1657 cujusque

205 1668 431 1716 Termini
482 1669 758 1718 celebretur
793 1687 882 1735 per
922 1672 1135 1734 aliquem
1183 1674 1385 1723 Socium

205 1749 468 1797 Seniorem
494 1750 862 1812 Presbyterum,
891 1768 1037 1814 quem
1072 1753 1383 1818 Praepositus,

200 1829 279 1875 vel
300 1845 358 1876 eo
384 1828 585 1877 absente
611 1829 1021 1895 Vicepraepositus
1046 1832 1107 1879 ad
1132 1833 1181 1880 id
1206 1850 1385 1882 munus

198 1908 469 1957 advocavit.
527 1909 624 1957 Die
644 1911 795 1958 etiam
813 1910 1006 1959 Natalis
1022 1912 1243 1971 Domini,
1266 1915 1383 1963 Pas-

198 1989 311 2044 chae‚
354 1990 689 2047 Pentecostes‚
729 1998 779 2039 et
810 1991 1074 2040 Dominio&
1122 1994 1381 2043 Trinitatis

197 2085 285 2132 per
310 2069 636 2133 Praepositum
662 2079 712 2120 et
735 2073 978 2121 Doctores
1018 2076 1067 2121 in
1108 2075 1381 2137 Theologia

198 2150 261 2211 (si
289 2150 371 2210 qui
396 2151 493 2197 sint
518 2154 600 2213 qui
625 2154 676 2200 in
702 2153 925 2216 Collegio
951 2154 1233 2202 cubiculum
1271 2172 1378 2219 pos-

196 2227 382 2288 sident)
401 2226 547 2291 juxta
573 2230 699 2279 vices
717 2248 830 2280 suas
845 2234 895 2280 in
913 2235 1122 2298 propriis
1140 2239 1376 2298 personis„
