1504 2501
789 122 883 174 170

638 371 877 421 CAPUT
915 373 1028 421 VII.

241 544 303 576 DE
344 546 625 578 EXERCITIIS
655 548 973 580 PRAESTANDIS
1004 550 1099 580 PRO
1128 550 1295 581 GRADU
1331 550 1420 580 MA-

573 627 793 659 GISTERII
819 629 870 660 IN
898 629 1125 662 ARTIBUS.

241 779 720 838 CANDIDATUS
767 797 857 846 pro
917 782 1091 831 Gradu
1139 784 1421 847 Magisterii

237 863 290 909 in
312 861 515 909 Artibus
555 863 709 910 semel
748 864 1045 928 respondeat
1082 872 1132 912 et
1167 872 1422 930 opponat,

237 942 311 990 bis
357 949 524 990 autem
563 941 821 999 declamet,
865 944 1017 991 semel
1042 944 1231 1002 Graece,
1271 946 1426 994 semel

238 1021 451 1069 Latine:
507 1028 607 1069 tres
661 1023 811 1069 etiam
861 1023 1195 1086 praelectiones
1229 1025 1423 1089 pubIIce

235 1108 450 1166 praestet.
520 1102 759 1166 Praeleget
797 1118 912 1150 vero
955 1103 1261 1152 Liberalium
1292 1106 1425 1152 Arti-

234 1201 319 1232 um
338 1201 420 1232 eas
439 1192 620 1249 partes,
639 1202 741 1249 quae
761 1186 831 1233 illi
847 1186 1220 1251 praescribentur
1236 1204 1265 1235 a
1280 1188 1423 1236 Vice-

237 1265 534 1314 cancellario
566 1273 654 1314 aut
677 1267 1008 1316 Procuratore
1037 1268 1277 1328 Seniore3
1312 1286 1422 1334 pro-

234 1353 511 1408 grammate
536 1363 594 1394 ac
619 1355 912 1410 argumento
927 1349 1237 1412 praelegendo
1263 1349 1423 1398 Colle-

236 1429 302 1489 gii
339 1428 525 1475 foribus
562 1430 723 1485 affixo,
751 1436 866 1476 ante
897 1429 1027 1477 diem
1077 1431 1421 1494 praelectionis.

241 1508 397 1555 Sistat
449 1509 597 1555 etiam
659 1510 711 1555 in
756 1508 922 1557 Domo
968 1509 1270 1572 Regentium
1334 1527 1423 1576 per

236 1604 393 1635 unum
420 1587 549 1636 diem
576 1588 636 1636 ab
660 1588 781 1636 hora
819 1590 990 1637 octava
1034 1590 1422 1638 antemeridiana

238 1669 300 1716 ad
350 1669 614 1728 decimam,
664 1677 714 1718 et
756 1672 816 1718 ab
858 1672 978 1719 hora
1003 1674 1217 1719 secunda
1253 1688 1418 1736 pome-

236 1749 430 1797 ridiana
475 1750 538 1798 ad
583 1758 825 1813 quartam,
866 1768 894 1800 a
936 1753 1154 1815 quolibet
1183 1753 1422 1816 Magistro

236 1830 848 1879 Artiumexaminandum.
897 1833 1422 1895 AntequamveroMa-

237 1909 421 1970 gisterii
433 1909 637 1970 gradum
651 1910 934 1968 obtinuerit,
947 1913 1130 1960 realem
1142 1914 1422 1960 cautionem

239 1988 563 2050 quadraginta
584 1989 866 2038 Solidorum
894 1992 1123 2056 deponat,
1147 1992 1208 2039 de
1235 1994 1419 2055 quaesti-

237 2081 332 2114 one
342 2068 693 2134 Philosophica
701 2071 895 2135 publice
907 2072 1202 2136 disputanda
1213 2080 1326 2120 ante
1337 2089 1421 2120 an-

237 2163 357 2194 num
388 2164 416 2195 a
444 2157 670 2214 suscepto
691 2152 965 2214 Magisterii
982 2153 1139 2214 gradu
1163 2152 1381 2216 elapsum
1403 2173 1416 2209 3

236 2226 383 2289 idque
407 2230 737 2293 respondente
759 2232 893 2280 tertii
908 2233 1044 2280 Anni
1063 2233 1416 2280 Baccalaureo„
