1504 2501
771 158 865 207 164

636 464 872 513 CAPUT
908 465 996 513 IV.

224 665 286 696 DE
325 665 522 698 GRATIIS
560 668 907 702 CONCEDENDIS
945 670 1044 702 PER
1086 671 1397 703 ACADEMIAM.

223 838 496 897 NEMINI
525 851 721 915 publica
756 852 962 899 Senatus
985 852 1271 900 Academici
1297 869 1398 915 gra-

221 930 291 977 tia
321 930 634 987 concedatur,
672 931 766 978 nisi
798 932 986 996 privata
1016 932 1175 994 gratia
1207 932 1401 996 Praepo-

221 1010 379 1057 sitiet
414 1010 614 1074 majoris
651 1013 803 1076 partis
842 1012 1094 1060 Sociorum
1137 1012 1399 1075 Seniorum

222 1097 368 1138 antea
391 1092 750 1140 commendato.

287 1171 344 1217 In
390 1175 706 1222 concessione
753 1180 919 1222 autem
959 1175 1124 1238 gratiae
1166 1175 1216 1220 in
1253 1173 1399 1221 domo

222 1251 645 1315 Congregationis,
703 1271 816 1319 pars
867 1254 1027 1318 major
1078 1269 1273 1318 semper
1317 1253 1400 1300 ha-

219 1331 333 1378 beat
385 1334 627 1380 rationem
675 1335 825 1382 totius
851 1354 864 1393 3
916 1350 973 1382 ac
1017 1333 1224 1397 proinde
1270 1334 1401 1395 quic-

220 1410 336 1471 quid
371 1410 546 1474 majori
582 1414 709 1477 parti
744 1413 952 1478 placeat,
992 1414 1195 1461 omnino
1236 1420 1399 1460 ratum

220 1497 341 1537 esto.

287 1569 433 1625 Quod
463 1572 502 1617 si
529 1571 635 1633 quis
677 1572 727 1618 in
768 1571 1126 1636 supplicatione
1163 1587 1253 1636 pro
1293 1587 1397 1634 gra-

218 1654 284 1701 tia
328 1654 483 1702 tribus
532 1655 717 1703 vicibus
761 1672 862 1703 non
908 1656 1229 1721 praevaluerit,
1278 1656 1399 1703 ulte-

217 1735 318 1782 rior
347 1750 436 1798 pro
461 1734 545 1782 illo
573 1734 879 1799 Supplicatio
911 1734 972 1782 ad
1004 1735 1231 1799 proxima
1253 1736 1400 1782 comi-

219 1815 288 1860 tia
311 1813 573 1862 deferatur.

284 1893 441 1942 Nemo
472 1910 561 1958 per
590 1894 855 1959 specialem
892 1894 1117 1957 gratiam,
1157 1895 1257 1941 sive
1294 1894 1398 1941 sine

218 1972 480 2022 Exercitiis
526 1974 658 2023 haud
703 1975 833 2023 male
887 1975 1130 2039 praestitis,
1186 1974 1248 2021 ad
1292 1990 1397 2036 gra-

217 2054 333 2100 dum
381 2062 743 2118 promoveatur,
792 2055 887 2102 nisi
932 2054 1059 2116 Regi
1105 2069 1134 2101 a
1183 2053 1396 2101 Secretis

220 2132 451 2181 Consiliis
491 2135 654 2193 fuerit,
703 2141 789 2182 aut
827 2134 1122 2199 Episcopus,
1162 2139 1249 2180 aut
1295 2131 1394 2179 No-

219 2212 343 2270 bilis,
406 2214 620 2276 Filiusve
672 2215 879 2264 Nobilis.
962 2214 1191 2278 Denique
1247 2227 1394 2260 nemo
