1504 2501
750 179 811 224 84

192 307 397 356 consilio
432 315 481 355 et
528 309 791 373 prudentia
834 309 1155 357 sustentanda
1196 316 1282 365 est,
1327 316 1377 356 et

191 387 509 444 moderanda,
553 388 844 443 Statuimus‚
881 396 931 436 et
967 388 1286 444 Ordinamus,
1325 398 1378 436 ut

192 484 356 524 nemo,
396 469 475 515 vel
512 485 571 516 ex
613 468 877 533 discipulis,
916 469 991 516 vel
1027 469 1078 515 in
1117 468 1378 516 Sociorum

191 549 473 595 convictum
513 548 750 603 admissiS,
791 548 866 596 vel
909 548 1259 605 Pensionariis‚
1295 555 1380 596 aut

192 631 396 676 omnino
421 628 569 676 studii
586 630 732 676 causa
748 630 799 675 in
820 628 1046 691 Collegio
1071 645 1380 676 commoran-

192 709 336 765 tibus,
367 709 588 756 Tmont—
618 715 800 765 careat‚
831 725 1042 770 eumque
1068 716 1183 756 ante
1203 709 1381 756 admis-

192 791 383 837 sionem
396 789 707 853 Praepositus,
726 796 811 837 aut
827 805 884 837 eo
901 789 1117 846 absente,
1137 790 1380 853 Viceprae-

193 871 395 935 positus,
419 870 700 932 assignabit.
774 871 936 917 Tutor
953 886 1068 917 vero
1088 870 1251 917 nullus
1271 873 1378 925 erit,

194 953 288 998 nisi
325 958 410 998 aut
453 951 754 1015 Praepositus
792 953 895 1015 ipse
931 952 990 1013 (si
1026 951 1260 1015 voluerit)
1297 959 1382 998 aut

199 1032 370 1079 Socius
419 1032 608 1093 aliquis,
662 1031 854 1087 Senior,
894 1040 979 1078 aut
1012 1031 1206 1079 Junior.
1278 1031 1383 1079 Nec

196 1115 454 1175 quisquam
483 1113 745 1160 Sociorum
777 1120 1002 1176 tempore
1034 1112 1280 1170 absentiae,
1308 1113 1385 1159 vel

198 1193 546 1241 invaletudinis
584 1209 678 1240 suae
714 1193 1004 1257 deputatum
1045 1193 1258 1255 aliquem
1297 1209 1384 1257 pu-

196 1274 327 1338 pillis
374 1273 654 1335 assignabit,
699 1275 793 1320 nisi
830 1290 982 1320 unum
1021 1289 1047 1320 0
1087 1274 1259 1330 Sociis,
1298 1291 1386 1337 per

200 1354 541 1417 Praepositum,
577 1361 663 1400 aut
694 1369 752 1400 eo
784 1353 1000 1408 absente,
1030 1352 1385 1417 Vicepraeposi-

200 1441 323 1489 tum,
380 1432 769 1496 approbandum.
850 1431 963 1487 Quo
1017 1447 1134 1479 casu
1186 1433 1225 1478 si
1280 1434 1386 1494 quis

203 1513 484 1575 designatus
509 1528 538 1558 a
563 1512 831 1575 Praeposito
862 1511 988 1559 forte
1023 1513 1258 1568 renuerit,
1288 1513 1388 1559 Vo-

202 1594 381 1648 lumUS,
400 1600 454 1639 ut
474 1608 668 1656 poenam
689 1595 1001 1656 contemptus
1020 1591 1250 1639 adversus
1271 1592 1386 1640 Col-

203 1676 317 1736 legii
354 1675 574 1736 regimen
614 1674 847 1728 incurrat,
887 1680 936 1720 et
971 1673 1205 1736 puniatur
1229 1672 1291 1720 ad
1313 1689 1388 1720 ar-

204 1757 405 1803 bitrium
436 1754 710 1818 Praepositi,
730 1761 778 1801 et
797 1752 997 1816 majoris
1022 1755 1174 1818 partis
1199 1762 1388 1817 septem

210 1838 467 1885 Sociorum
497 1836 780 1892 Seniorum,
818 1836 912 1882 nisi
935 1836 1119 1897 justam
1154 1837 1386 1883 recusati-

208 1920 315 1965 onis
334 1933 534 1965 causam
556 1918 732 1964 afferre
752 1918 917 1981 possit,
941 1916 1002 1964 ab
1021 1917 1194 1964 iisdem
1214 1933 1390 1981 appro-

208 1997 437 2044 bandam.
521 1997 597 2044 Ac
643 2012 757 2044 cum
813 1996 1016 2044 Tutoris
1068 1997 1283 2044 officium
1329 1997 1391 2044 sit

211 2076 355 2124 multi
379 2077 558 2124 laboris
583 2084 632 2124 et
649 2093 788 2134 curae,
819 2093 917 2140 quo
941 2078 1150 2126 alacrius
1170 2085 1218 2125 et
1237 2079 1392 2126 fideli-

211 2174 269 2205 us
294 2173 498 2204 munere
523 2174 610 2205 suo
635 2157 944 2221 defungatur,
969 2160 1146 2222 placet,
1165 2165 1220 2206 ut
1237 2160 1393 2221 quivis

212 2239 427 2304 pupillus
456 2239 574 2302 (nisi
610 2238 670 2286 de
705 2239 858 2302 ipsius
894 2241 1060 2305 inopia
1094 2240 1241 2304 plane
1267 2246 1316 2287 et
1338 2239 1392 2287 li-
