1504 2501
725 149 787 191 60

579 566 817 616 CAPUT
853 567 941 615 IV.

169 765 233 795 DE
263 765 617 797 AUTHORITATE
659 765 936 797 PRAEPOSITI
970 764 1030 794 ET
1059 761 1255 795 SEPTEM
1277 761 1352 793 SO-

513 846 705 878 CIORUM
733 845 1007 877 SENIORUM.

172 1013 359 1083 QUIA
398 1025 446 1071 in
490 1024 626 1070 omni
673 1024 923 1071 Societatc
960 1021 1086 1069 benc
1125 1022 1358 1068 constitu-

169 1106 297 1155 enda
342 1105 525 1169 paritas
558 1103 893 1151 membrorum
940 1102 1154 1149 maxime
1197 1102 1360 1148 caveri

173 1186 333 1243 debet,
381 1190 553 1247 utpote
595 1199 703 1245 quae
751 1182 1053 1238 anarchiam,
1099 1188 1148 1228 et
1192 1196 1360 1228 rerum

173 1267 398 1314 omnium
459 1262 799 1310 confusionem
860 1261 1095 1319 inducat3
1159 1261 1356 1316 idcirco,

173 1346 504 1410 Praepositum
531 1340 678 1404 hujus
707 1342 969 1389 Societatis
994 1341 1159 1405 Caput
1184 1343 1361 1388 consti-

174 1427 374 1480 tuimUS‚
403 1438 614 1484 cumque
640 1422 939 1468 authoritate
966 1422 1157 1467 summa
1183 1421 1232 1466 in
1259 1436 1361 1467 mo-

176 1504 406 1554 derandis
443 1503 679 1568 personis,
721 1507 770 1548 et
807 1502 1016 1563 negotiis
1054 1500 1279 1562 collegii,
1314 1507 1363 1547 et

177 1588 229 1634 in
263 1584 492 1633 omnibus
531 1583 656 1638 aliis,
682 1599 784 1644 quae
810 1582 872 1629 ad
897 1582 1106 1643 Collegii
1139 1582 1362 1643 regimen

179 1668 348 1730 quovis
364 1665 510 1712 modo
535 1669 776 1727 spectant,
797 1663 873 1709 vel
894 1669 1117 1726 spectare
1138 1668 1358 1726 possunt,

176 1747 441 1795 munimus.
514 1744 627 1799 Quo
653 1743 829 1789 melius
854 1748 1020 1789 autem
1046 1757 1252 1788 munere
1276 1757 1365 1788 suo

176 1828 425 1890 fungatur,
450 1824 767 1879 Ordinamus‚
790 1829 839 1870 ct
857 1822 1118 1878 Volumus,
1140 1829 1195 1869 ut
1214 1837 1240 1868 e
1259 1827 1365 1868 toto

185 1908 445 1955 Sociorum
471 1918 697 1961 numero,
731 1908 920 1966 septem
946 1903 1160 1949 maxime
1194 1901 1366 1948 Senio-

181 2003 290 2035 orcs
335 1986 483 2041 Socii,
512 1985 555 2032 ci
581 1985 679 2031 sint
715 1989 952 2045 tanquam
991 1983 1289 2038 Asscssores,
1318 1986 1367 2028 et

180 2074 237 2115 ut
261 2082 433 2114 corum
459 2066 679 2122 consilio,
702 2072 752 2112 et
771 2064 967 2118 auxilio,
988 2065 1156 2111 omnia
1179 2061 1369 2125 majora

183 2149 393 2210 Collegii
418 2148 616 2210 negotia
639 2153 832 2203 tractet,
859 2147 959 2193 sive
985 2145 1045 2192 ad
1065 2160 1240 2199 mores,
1267 2144 1368 2190 sive

183 2230 243 2278 ad
269 2228 561 2284 doctrinam,
589 2228 688 2275 sive
713 2226 1039 2275 oeconomiam
1076 2223 1365 2289 spectantia,
