1504 2501
756 169 851 212 110

576 482 816 532 CAPUT
851 483 1019 532 XVII.

521 701 586 733 DE
613 702 850 734 BURSARII
876 703 1082 736 OFFICIO.

209 871 322 928 DE
348 881 545 945 pietate,
581 881 841 945 probitate,
879 888 929 930 et
965 881 1187 930 doctrina
1223 884 1385 934 hacte-

206 975 296 1006 nus
329 965 567 1007 statutum
596 966 683 1007 est.
755 960 1008 1016 Quoniam
1039 977 1154 1009 vero
1185 964 1289 1011 sine
1313 967 1384 1012 rei

205 1039 461 1087 familiaris
507 1041 713 1105 provida
766 1041 1207 1097 administratione,
1261 1044 1384 1092 adeo

204 1133 306 1165 non
331 1117 626 1180 Collegium,
659 1125 714 1165 ut
744 1133 807 1164 ne
837 1119 1030 1182 privata
1062 1119 1258 1180 quidem
1301 1121 1383 1168 do·

203 1215 328 1256 mus,
356 1200 623 1247 consistere
654 1199 832 1262 possit3
875 1197 1165 1255 Statuimus,
1207 1206 1256 1247 et
1290 1199 1383 1248 Or-

203 1279 448 1337 dinamus,
473 1285 528 1325 ut
552 1294 578 1326 e
613 1279 771 1326 Sociis
811 1278 1098 1326 Senioribus
1139 1280 1382 1344 quispiam

200 1361 344 1425 frugi,
379 1364 583 1425 integer,
616 1377 710 1409 nec
734 1362 894 1425 impar
917 1362 1061 1409 rebus
1084 1364 1323 1425 gerendis,
1352 1380 1382 1411 a

201 1443 489 1507 Praeposito,
530 1449 579 1490 et
614 1441 790 1505 majori
825 1449 965 1507 parte
1001 1443 1265 1492 Seniorum
1290 1462 1380 1509 pro

199 1524 437 1571 Bursario
490 1523 712 1585 eligatur.
805 1521 962 1585 Cujus
1021 1524 1237 1571 officium
1300 1526 1375 1581 sit,

200 1604 400 1660 reditus,
429 1610 479 1652 et
502 1619 807 1666 quaecunque
824 1605 875 1651 in
895 1605 1177 1652 universum
1200 1605 1377 1653 deben-

198 1689 280 1730 tur
303 1682 542 1745 Collegio‚
569 1684 804 1747 recipere,
829 1689 879 1730 et
910 1698 1016 1745 quae
1053 1699 1176 1747 opus
1215 1691 1374 1741 erunt,

198 1763 250 1809 in
274 1777 390 1809 usus
428 1761 637 1824 Collegii
675 1761 967 1825 expendere,
1008 1762 1093 1809 sed
1133 1778 1233 1810 non
1271 1764 1376 1810 sine

199 1858 442 1890 consensu
467 1842 738 1906 Praepositi,
767 1850 852 1890 aut
884 1859 942 1891 eo
974 1842 1191 1897 absente,
1231 1843 1375 1892 Vice-

197 1926 462 1989 praepositi.
532 1925 579 1972 Is
603 1926 819 1973 officium
858 1942 1000 1973 suum
1027 1934 1255 1975 exerceat
1278 1935 1373 1976 sta·

197 2005 286 2051 tim
338 2005 398 2052 ab
448 2006 689 2053 electione
725 2013 774 2053 et
815 2006 1112 2055 admissione
1152 2008 1214 2055 ad
1253 2009 1373 2056 illud

197 2084 413 2130 officium
428 2085 516 2132 sub
524 2084 810 2147 juramento
839 2094 888 2135 et
903 2089 1132 2135 cautione
1149 2087 1370 2151 Collegio

195 2163 438 2227 praestitis.
501 2163 709 2211 Summa
731 2181 846 2213 vero
864 2181 954 2229 per
972 2165 1295 2230 Praepositum
1320 2174 1369 2214 et

194 2240 433 2305 majorem
480 2249 672 2306 partem
717 2244 982 2293 Seniorum
1028 2244 1365 2308 assignabitur.
