1504 2501
761 169 789 211 8
849 229 855 236 .

196 295 370 341 larium
409 294 617 357 Collegii
640 301 819 343 sanctae
844 302 893 343 et
915 295 1175 344 individuae
1202 297 1364 344 Trini-

197 376 309 421 tatis
333 373 633 421 Elizabethae
658 374 860 437 Reginae
878 374 1019 437 juxta
1036 375 1237 430 Dublin,
1258 376 1367 422 Ma-

196 455 349 512 neria,
393 453 586 509 Terras,
631 453 953 510 Tenementa,
1002 463 1050 502 et
1096 456 1366 504 Heeredita-

196 540 363 581 menta
402 550 717 596 quaecunque,
765 542 812 582 et
858 528 1222 598 conjuscunque
1268 537 1365 583 sint

196 620 397 671 naturae,
422 616 627 677 generis,
667 621 716 662 et
750 617 942 679 speciei,
983 617 1133 663 annui
1170 616 1365 663 Valoris

195 694 550 756 quadringenta
584 695 843 742 Librarum
881 697 1120 742 currentis
1151 695 1365 742 Monetae

195 774 400 836 Angliae,
427 774 556 821 ultra
581 774 762 831 Onera,
791 781 840 822 et
873 774 1121 838 Reprisas‚
1161 774 1220 820 ad
1255 790 1364 837 pro-

194 854 356 917 prium
397 869 534 917 opus,
584 860 632 900 et
672 870 813 899 usum
852 854 1195 917 praedictorum
1233 853 1364 899 Pree-
1431 884 1434 886 -

192 935 349 997 positi,
379 933 652 988 Sociorum,
685 933 1009 987 Scholalium,
1039 939 1086 978 et
1109 932 1367 979 Successo-

191 1030 299 1060 rum
316 1029 530 1069 suorum,
551 1013 757 1060 Statutis
768 1013 826 1060 de
840 1013 1007 1059 Terris
1023 1019 1071 1059 et
1089 1013 1366 1059 Tcnemen-

191 1099 252 1144 tis
290 1097 350 1144 ad
388 1097 593 1144 Manum
632 1104 876 1144 mortuam
915 1097 1168 1161 ponendis,
1203 1097 1366 1158 aliquo

193 1178 341 1225 modo
361 1194 459 1225 non
480 1178 812 1225 obstantibus:
852 1177 1095 1238 Quodque
1126 1193 1215 1240 per
1234 1177 1363 1224 idem

192 1258 383 1305 Nomen
419 1258 661 1321 prosequi,
688 1257 922 1320 placitare
948 1263 996 1303 et
1020 1257 1257 1319 placitari,
1285 1257 1363 1305 de-

194 1338 392 1384 fendere
424 1354 482 1384 ac
513 1337 720 1393 defendi,
755 1337 1051 1401 respondere
1087 1344 1136 1384 et
1166 1354 1364 1402 respon-

194 1417 311 1473 deri,
338 1418 538 1480 possint,
562 1423 610 1462 et
626 1416 836 1472 valeant,
868 1417 916 1462 in
943 1415 1169 1463 omnibus
1196 1423 1244 1464 et-
1268 1419 1365 1464 sin-

191 1497 315 1559 gulis
333 1497 522 1552 Causis,
545 1495 790 1552 Qum-elis,
812 1495 1122 1552 ActionibUS,
1136 1497 1362 1553 realibus,

192 1577 542 1641 personalibUS,
571 1584 620 1624 et
645 1577 824 1632 mixtis,
852 1577 901 1623 in
929 1577 1155 1624 omnibus
1181 1578 1359 1635 Curiis,

193 1671 293 1706 tam
312 1658 683 1723 temporalibus,
713 1674 858 1720 quam
882 1658 1217 1721 spiritualibus
1234 1660 1363 1706 infra

193 1739 420 1802 Regnum
448 1746 669 1787 nostrum
709 1739 977 1792 Hiberniae,
1011 1739 1085 1785 vel
1121 1739 1269 1798 alibi3
1314 1748 1363 1787 et

192 1819 252 1866 ad
271 1836 342 1872 ca,
370 1836 427 1866 ac
446 1820 507 1866 ad
527 1821 695 1866 omnia
720 1827 768 1866 et
792 1819 982 1881 singula
1002 1819 1098 1866 alia
1117 1819 1355 1878 facienda,

194 1900 397 1962 agenda,
424 1907 472 1947 et
497 1900 835 1964 percipienda,
862 1906 1012 1964 prout
1037 1907 1085 1947 et
1110 1901 1159 1947 in
1186 1902 1357 1949 eodem

192 1984 354 2039 modo,
394 2000 488 2045 quo
525 1986 687 2032 caeteri
733 1984 885 2047 Ligaei
931 1985 1085 2031 nostri
1129 1984 1359 2032 Personae

191 2065 389 2119 habiles,
417 2070 467 2110 et
491 2065 540 2110 in
565 2065 671 2125 lege
690 2081 907 2128 capaces,
930 2065 1058 2111 infra
1076 2065 1202 2111 idem
1229 2065 1357 2127 Reg-

189 2161 306 2192 num
318 2151 539 2192 nostrum
559 2144 826 2198 Hiberniae,
843 2145 919 2191 vel
940 2144 1068 2199 alibi,
1088 2144 1287 2200 faciunt,
1307 2152 1357 2192 et

190 2228 349 2274 facere
375 2225 603 2288 poterint,
627 2225 677 2269 in
697 2224 923 2286 omnibus
950 2221 1097 2271 Locis
1117 2231 1166 2271 et
1192 2224 1357 2272 Curiis
