1458 2455
427 614 873 676 STATUTUM

76 802 143 833 DE
189 801 528 834 ADMITTENDO
577 802 669 834 Eos
710 802 765 834 IN
812 801 1110 834 COLLEGlUM
1161 801 1251 838 QUI

141 881 463 913 RELIGIONEM
500 882 840 913 PONTIFICIAM
877 882 985 913 SIVE
1025 881 1256 913 ROMANO-

141 962 477 994 CATHOLICAM
503 963 881 995 PROFITENTUR.

583 1110 781 1137 4.-

78 1237 467 1295 GEORGIUS
493 1245 709 1302 Tertius,
735 1246 833 1294 Dei
858 1245 1036 1293 Gratia
1059 1245 1255 1308 Magnae

74 1328 361 1383 Britanniae,
389 1326 627 1382 Franeiae‚
668 1333 718 1374 et
743 1326 997 1374 Hiberniae
1023 1326 1148 1381 Rex,
1176 1326 1255 1373 Fi-

75 1407 154 1455 dei
176 1406 436 1463 Defensor,
463 1408 554 1454 &c.
579 1406 787 1454 Dilectis
811 1412 861 1454 et
883 1406 1108 1454 fidelibus
1129 1406 1257 1453 Prae-

74 1489 250 1552 posito,
277 1494 326 1535 et
348 1487 507 1535 Sociis
526 1487 815 1534 Senioribus
830 1486 1041 1549 Collegii
1060 1487 1256 1534 Sanctae

77 1573 127 1615 et
141 1566 410 1614 Individuae
421 1566 681 1614 Trinitatis
689 1565 1047 1628 juxtaDublin.
1086 1566 1256 1621 Quum

78 1649 127 1694 in
152 1654 263 1694 acto
290 1646 504 1709 quodam
529 1646 856 1694 Parliamenti
881 1648 932 1694 in
968 1662 1122 1709 regno
1146 1661 1256 1693 nos-

77 1733 154 1774 tro
181 1725 434 1773 Hiberniae
466 1731 515 1772 et
545 1726 596 1772 in
621 1741 753 1772 anno
776 1726 915 1787 regni
939 1725 1095 1772 nostri
1115 1725 1258 1772 trice-

77 1808 202 1855 simo
225 1807 373 1854 tertio
408 1812 607 1862 statuto,
650 1807 780 1854 inter
816 1807 913 1853 alia
953 1806 1259 1854 declaratum

77 1887 154 1943 sit,
182 1901 210 1934 e
233 1902 286 1934 re
310 1886 415 1934 fore
441 1887 506 1950 (si
529 1887 677 1934 modo
706 1886 848 1934 nobis
871 1886 1142 1934 haeredibus
1173 1892 1259 1933 aut

77 1964 438 2013 successoribus
456 1966 635 2012 nostris
650 1967 808 2012 visum
840 1965 1003 2021 fuerit,
1033 1964 1258 2026 quaedam

77 2046 130 2094 in
169 2045 378 2093 Statutis
416 2045 625 2108 Collegii
667 2046 865 2093 Sanctae
903 2052 953 2093 et
989 2045 1259 2092 Individuae

80 2126 340 2174 Trinitatis
364 2125 569 2188 Reginae
589 2126 888 2174 Elizabethae
907 2125 1050 2189 juxta
1074 2125 1260 2174 Dublin

80 2212 130 2255 et
171 2207 221 2253 in
258 2207 452 2253 statutis
489 2206 773 2254 Academiae
812 2206 1151 2254 Dubliniensis
1191 2207 1261 2252 ita

80 2286 360 2341 immutare,
404 2291 459 2332 ut
494 2285 565 2333 fas
610 2287 673 2333 sit
718 2287 791 2342 iis,
841 2287 924 2348 qui
969 2286 1259 2348 religionem
