1504 2501
765 106 855 149 148

221 235 656 290 examinationem,
689 249 842 281 manu
865 234 949 282 sua
980 234 1323 300 subscriptum,
1351 244 1399 285 et

220 316 282 362 ad
318 331 409 362 nos
445 313 678 370 delatum,
718 314 1027 378 Inspeximus
1064 317 1210 363 simul
1246 324 1294 364 et
1319 334 1400 381 ap·-

218 395 533 459 probavimus
551 412 562 440 ι
580 393 905 455 Eundemque
925 394 1118 450 librum,
1142 402 1190 443 et
1208 397 1400 458 singula

221 475 435 531 Statum,
464 481 611 536 atque
646 474 980 522 ordinationes
1005 476 1055 521 in
1081 475 1254 523 eodem
1287 493 1398 524 oon-

218 563 394 612 tentas,
421 556 752 618 augustissimi
777 557 992 602 nominis
1016 558 1171 604 nostri
1196 558 1399 621 inscrips-

219 639 353 684 tione
374 635 435 683 ad
460 651 659 683 omnem
678 633 710 682 J
716 636 814 682 uris
830 635 1058 683 effectum
1081 637 1396 684 ratificamus.

219 716 724 777 Confirmationisque
770 720 945 762 nostrae
986 722 1035 762 et
1071 715 1400 762 Authoiitatis

217 799 363 861 regiae
400 797 498 843 vim
523 801 573 843 et
596 794 762 850 robur,
804 794 977 841 iisdem
1014 810 1102 857 per
1138 804 1399 857 praesentes

216 879 541 942 impertimus.
614 875 769 922 Vobis
816 875 965 936 igitur
1010 874 1277 935 vestrisque
1316 874 1397 921 de0

215 960 332 1006 hinc
357 959 409 1004 in
433 972 492 1004 eo
518 955 741 1017 Collegio
770 953 1160 1009 Successoribus,
1189 954 1396 1002 eundem

218 1040 423 1087 Librum
450 1037 758 1085 Statutorum
778 1035 828 1080 in
848 1033 1135 1081 membrana
1155 1037 1398 1099 conscrip-

216 1128 356 1179 tum;
395 1119 455 1166 de
492 1117 743 1179 octoginta
767 1120 816 1162 et
840 1121 951 1161 octo
988 1115 1178 1177 paginis
1197 1116 1247 1160 in
1281 1114 1397 1162 folio

215 1203 407 1248 minore
427 1202 751 1249 constantem,
767 1195 818 1240 in
838 1194 997 1257 capite
1022 1195 1188 1257 primae
1207 1196 1396 1258 paginae

217 1280 563 1343 augustissimo
608 1277 810 1324 nomine
857 1281 1026 1321 nostro
1065 1291 1153 1338 per
1190 1291 1279 1322 nos
1318 1276 1399 1339 (ut

217 1359 495 1426 praefertur)
527 1357 833 1420 inscriptum,
862 1361 1008 1416 atque
1033 1356 1083 1400 in
1108 1356 1208 1402 imo
1232 1357 1396 1402 unius-

217 1443 452 1506 cujusque
488 1439 678 1503 paginae
713 1453 801 1500 per
835 1432 1020 1483 dictum
1056 1437 1396 1500 Archiepisco-

218 1541 335 1591 pum
384 1539 443 1571 ex
489 1518 723 1567 mandato
773 1523 941 1563 nostro
995 1517 1258 1578 signatum,
1307 1533 1396 1580 pro

217 1605 408 1652 summa
431 1600 528 1663 qua
551 1597 641 1646 sub
664 1596 774 1643 Deo
800 1596 1052 1658 fungimur
1081 1596 1393 1653 authoritate,

214 1688 266 1733 in
290 1681 851 1744 Collegiisacrosanctae
877 1682 927 1722 et
947 1675 1209 1722 individuae
1235 1675 1398 1723 Trini-

218 1766 332 1814 tatis
350 1762 495 1827 juxta
528 1758 716 1807 Dublin
747 1758 984 1819 regimen,
1021 1758 1188 1818 reique
1230 1764 1395 1804 vestrae

218 1846 425 1911 publicae
450 1837 845 1889 administranda}
868 1837 1104 1900 regulam,
1126 1853 1215 1901 pro
1238 1838 1392 1894 nobis,

217 1924 494 1978 heredibus,
522 1927 571 1968 et
595 1917 956 1966 successoribus
986 1918 1164 1964 nostris
1203 1917 1391 1972 damus,

218 2015 266 2056 et
302 2002 617 2053 concedimus
642 2014 730 2063 per
754 2003 1030 2061 praesentes.
1100 1996 1396 2043 Mandantes

218 2085 473 2140 universis,
515 2089 564 2130 et
599 2079 820 2142 singuliS‚
866 2077 954 2125 sub
1001 2079 1180 2125 virtute
1227 2077 1394 2124 debitae

221 2165 517 2220 obedientiae,
545 2169 600 2211 ut
623 2177 713 2227 pro
737 2176 788 2209 se
813 2161 1031 2222 quisque,
1062 2166 1302 2221 quatenus
1335 2156 1395 2203 ad
