1504 2501
770 184 858 234 192

225 318 354 358 teros
380 310 599 374 praedicti
629 311 819 370 Jacobi,
853 322 903 362 et
927 314 1046 362 alios
1070 331 1242 363 omnes
1266 332 1404 378 quos-

223 407 418 453 cunque
440 409 451 439 :
489 408 596 454 quae
614 393 810 454 quidem
831 396 1088 451 successio,
1116 411 1203 459 per
1222 396 1401 442 Actum

223 471 564 525 Parliamenti,
596 473 675 519 cui
703 472 875 520 titulus
919 474 1047 520 “An
1081 474 1179 521 Act
1206 473 1280 521 for
1320 474 1402 521 the

222 551 414 599 further
442 550 729 600 Limitation
761 554 818 601 of
840 553 924 601 the
957 553 1155 609 Crown,
1197 554 1294 601 and
1330 554 1405 601 for

222 633 305 680 the
331 632 490 680 better
513 634 741 696 securing
758 634 842 681 the
860 634 1036 697 Rights
1051 633 1148 681 and
1164 633 1404 681 Liberties

223 713 279 760 of
298 713 382 761 the
417 712 670 776 Subject,”
698 714 953 771 limitatur,
993 721 1042 762 et
1077 716 1128 762 in
1152 721 1402 778 posterum

222 794 481 842 limitanda
506 801 593 851 est,
821 833 831 853 ‚
861 802 911 843 et
938 794 1227 843 Haeredibus
1252 796 1402 858 ipsius

222 876 455 938 corporiS‚
484 876 566 937 qui
592 883 738 924 erunt
762 877 1117 924 Protestantes.

288 954 411 1002 Haec
441 956 610 1002 omnia
637 956 784 1020 plane
810 963 859 1004 et
882 957 1071 1004 sincere
1096 971 1322 1018 agnosco,
1356 963 1403 1002 et

215 1034 347 1097 juro,
390 1033 531 1097 juxta
580 1035 681 1083 haec
716 1036 864 1084 verba
910 1037 1088 1085 diserte
1125 1052 1154 1083 a
1189 1052 1268 1083 me
1296 1034 1401 1099 jam

222 1116 502 1172 enunciata,
548 1122 598 1164 et
633 1117 904 1164 secundum
942 1118 1162 1181 ipsorum
1199 1116 1400 1180 planum

222 1201 272 1242 et
303 1211 620 1244 communem
657 1197 868 1245 Sensum
902 1214 959 1245 ac
984 1197 1400 1260 Intelligentiam;

220 1276 326 1323 sine
351 1277 487 1324 omni
512 1278 913 1339 aequivocatione,
932 1277 1137 1326 mentali
1157 1277 1399 1331 evasione,

221 1362 306 1402 aut
351 1357 541 1419 privata
580 1360 915 1407 reservatione
956 1358 1316 1421 qualicunque:
1354 1364 1402 1404 et

220 1436 350 1484 hanc
396 1437 802 1498 recognitionem,
851 1438 1165 1501 agnitionem,
1210 1434 1401 1498 abjura-

221 1518 426 1572 tionem,
475 1519 921 1575 renunciationem,
949 1525 999 1566 et
1028 1517 1401 1582 promissionem

223 1614 282 1645 ex
307 1598 474 1645 animo
498 1597 709 1647 libenter
727 1606 775 1648 et
798 1616 912 1648 vere
935 1600 1075 1655 facio,
1102 1613 1192 1663 pro
1216 1598 1271 1649 εὲι
1290 1596 1401 1653 fide,

223 1680 316 1739 qua
340 1693 510 1726 verum
537 1696 618 1728 me
643 1680 982 1730 Christianum
1010 1695 1236 1744 agnosco.
