<?xml version="1.0" encoding="UTF-8"?>
<!DOCTYPE html PUBLIC "-//W3C//DTD XHTML 1.0 Transitional//EN"
    "http://www.w3.org/TR/xhtml1/DTD/xhtml1-transitional.dtd">
<html xmlns="http://www.w3.org/1999/xhtml" xml:lang="en" lang="en">
 <head>
  <title>
</title>
<meta http-equiv="Content-Type" content="text/html;charset=utf-8" />
  <meta name='ocr-system' content='tesseract 3.04.00' />
  <meta name='ocr-capabilities' content='ocr_page ocr_carea ocr_par ocr_line ocrx_word'/>
</head>
<body>
  <div class='ocr_page' id='page_1' title='image "./chartaeetstatuta00trinuoft_0091.png"; bbox 0 0 1458 2455; ppageno 0'>
   <div class='ocr_carea' id='block_1_1' title="bbox 625 157 689 212">
    <p class='ocr_par' dir='ltr' id='par_1_1' title="bbox 625 157 689 212">
     <span class='ocr_line' id='line_1_1' title="bbox 625 157 689 212; baseline 0 0"><span class='ocrx_word' id='word_1_1' title='bbox 625 157 689 212; x_wconf 80' lang='grc'>’75</span> 
     </span>
    </p>
   </div>
   <div class='ocr_carea' id='block_1_2' title="bbox 71 296 1254 688">
    <p class='ocr_par' dir='ltr' id='par_1_2' title="bbox 71 296 1254 688">
     <span class='ocr_line' id='line_1_2' title="bbox 74 296 1250 370; baseline -0.009 -17"><span class='ocrx_word' id='word_1_2' title='bbox 74 313 105 333; x_wconf 89' lang='grc'>“</span> <span class='ocrx_word' id='word_1_3' title='bbox 132 320 322 370; x_wconf 86' lang='lat' dir='ltr'>cepero,</span> <span class='ocrx_word' id='word_1_4' title='bbox 351 303 545 351; x_wconf 86' lang='lat' dir='ltr'>fidelem</span> <span class='ocrx_word' id='word_1_5' title='bbox 573 317 774 366; x_wconf 80' lang='lat' dir='ltr'>operam</span> <span class='ocrx_word' id='word_1_6' title='bbox 808 298 1059 365; x_wconf 68' lang='lat' dir='ltr'>praestabo.</span> <span class='ocrx_word' id='word_1_7' title='bbox 1132 296 1250 344; x_wconf 78' lang='lat' dir='ltr'>Haec</span> 
     </span>
     <span class='ocr_line' id='line_1_3' title="bbox 73 378 1248 448; baseline -0.009 -15"><span class='ocrx_word' id='word_1_8' title='bbox 73 392 105 413; x_wconf 87' lang='lat'>“</span> <span class='ocrx_word' id='word_1_9' title='bbox 129 386 296 433; x_wconf 80' lang='lat' dir='ltr'>omnia</span> <span class='ocrx_word' id='word_1_10' title='bbox 336 399 484 448; x_wconf 78' lang='lat' dir='ltr'>supra</span> <span class='ocrx_word' id='word_1_11' title='bbox 530 388 805 429; x_wconf 83' lang='lat' dir='ltr'>memorata</span> <span class='ocrx_word' id='word_1_12' title='bbox 839 382 891 427; x_wconf 89' lang='lat' dir='ltr'>in</span> <span class='ocrx_word' id='word_1_13' title='bbox 932 395 1011 426; x_wconf 87' lang='lat' dir='ltr'>me</span> <span class='ocrx_word' id='word_1_14' title='bbox 1046 378 1248 441; x_wconf 77' lang='lat' dir='ltr'>recipio,</span> 
     </span>
     <span class='ocr_line' id='line_1_4' title="bbox 71 461 1252 527; baseline -0.007 -15"><span class='ocrx_word' id='word_1_15' title='bbox 71 472 101 493; x_wconf 84' lang='lat'>⁴‘</span> <span class='ocrx_word' id='word_1_16' title='bbox 125 465 332 527; x_wconf 89' lang='lat' dir='ltr'>Deoque</span> <span class='ocrx_word' id='word_1_17' title='bbox 367 470 506 518; x_wconf 82' lang='lat' dir='ltr'>test-e,</span> <span class='ocrx_word' id='word_1_18' title='bbox 538 478 619 509; x_wconf 86' lang='lat' dir='ltr'>me</span> <span class='ocrx_word' id='word_1_19' title='bbox 654 461 825 509; x_wconf 85' lang='lat' dir='ltr'>sedulo</span> <span class='ocrx_word' id='word_1_20' title='bbox 860 461 1105 508; x_wconf 84' lang='lat' dir='ltr'>facturum</span> <span class='ocrx_word' id='word_1_21' title='bbox 1143 474 1252 522; x_wconf 86' lang='lat' dir='ltr'>pro-</span> 
     </span>
     <span class='ocr_line' id='line_1_5' title="bbox 71 539 1254 609; baseline -0.008 -15"><span class='ocrx_word' id='word_1_22' title='bbox 71 553 103 575; x_wconf 89' lang='lat'><strong>“</strong></span> <span class='ocrx_word' id='word_1_23' title='bbox 125 548 283 602; x_wconf 82' lang='lat' dir='ltr'>mitto,</span> <span class='ocrx_word' id='word_1_24' title='bbox 323 562 380 593; x_wconf 83' lang='lat' dir='ltr'>ac</span> <span class='ocrx_word' id='word_1_25' title='bbox 422 544 672 609; x_wconf 79' lang='lat' dir='ltr'>spondeo3</span> <span class='ocrx_word' id='word_1_26' title='bbox 723 544 867 591; x_wconf 78' lang='lat' dir='ltr'>tactis</span> <span class='ocrx_word' id='word_1_27' title='bbox 916 539 1254 589; x_wconf 80' lang='lat' dir='ltr'>Sacrosanctis</span> 
     </span>
     <span class='ocr_line' id='line_1_6' title="bbox 72 625 672 688; baseline -0.007 -13"><span class='ocrx_word' id='word_1_28' title='bbox 72 631 101 654; x_wconf 86' lang='lat'><strong>“</strong></span> <span class='ocrx_word' id='word_1_29' title='bbox 127 626 313 675; x_wconf 82' lang='lat' dir='ltr'>Christi</span> <span class='ocrx_word' id='word_1_30' title='bbox 338 625 672 688; x_wconf 83' lang='lat' dir='ltr'>Evangeliis.&#39;&#39;</span> 
     </span>
    </p>
   </div>
   <div class='ocr_carea' id='block_1_3' title="bbox 416 960 915 1178">
    <p class='ocr_par' dir='ltr' id='par_1_3' title="bbox 416 960 915 1178">
     <span class='ocr_line' id='line_1_7' title="bbox 481 960 846 1011; baseline -0.014 0"><span class='ocrx_word' id='word_1_31' title='bbox 481 962 720 1011; x_wconf 85' lang='lat' dir='ltr'><strong>CAPUT</strong></span> <span class='ocrx_word' id='word_1_32' title='bbox 756 960 846 1007; x_wconf 89' lang='lat' dir='ltr'>IX.</span> 
     </span>
     <span class='ocr_line' id='line_1_8' title="bbox 416 1143 915 1178; baseline -0.008 0"><span class='ocrx_word' id='word_1_33' title='bbox 416 1147 486 1178; x_wconf 79' lang='lat' dir='ltr'>DE</span> <span class='ocrx_word' id='word_1_34' title='bbox 513 1145 682 1178; x_wconf 77' lang='lat' dir='ltr'><strong>CULTU</strong></span> <span class='ocrx_word' id='word_1_35' title='bbox 707 1143 915 1176; x_wconf 78' lang='lat' dir='ltr'><strong>DIVINO.</strong></span> 
     </span>
    </p>
   </div>
   <div class='ocr_carea' id='block_1_4' title="bbox 71 1283 1264 2298">
    <p class='ocr_par' dir='ltr' id='par_1_4' title="bbox 71 1283 1264 2298">
     <span class='ocr_line' id='line_1_9' title="bbox 72 1283 1254 1351; baseline -0.01 -10"><span class='ocrx_word' id='word_1_36' title='bbox 72 1283 320 1341; x_wconf 87' lang='lat' dir='ltr'>NEMIN</span> <span class='ocrx_word' id='word_1_37' title='bbox 324 1291 348 1338; x_wconf 94' lang='lat' dir='ltr'>I</span> <span class='ocrx_word' id='word_1_38' title='bbox 383 1290 646 1338; x_wconf 86' lang='lat' dir='ltr'>obscurum</span> <span class='ocrx_word' id='word_1_39' title='bbox 672 1303 777 1335; x_wconf 85' lang='lat' dir='ltr'>esse</span> <span class='ocrx_word' id='word_1_40' title='bbox 801 1292 977 1351; x_wconf 79' lang='lat' dir='ltr'>potest,</span> <span class='ocrx_word' id='word_1_41' title='bbox 1005 1300 1156 1347; x_wconf 81' lang='lat' dir='ltr'><strong>quam</strong></span> <span class='ocrx_word' id='word_1_42' title='bbox 1182 1285 1254 1330; x_wconf 88' lang='lat' dir='ltr'>in-</span> 
     </span>
     <span class='ocr_line' id='line_1_10' title="bbox 71 1365 1258 1430; baseline -0.011 -8"><span class='ocrx_word' id='word_1_43' title='bbox 71 1375 280 1423; x_wconf 81' lang='lat' dir='ltr'>feliciter</span> <span class='ocrx_word' id='word_1_44' title='bbox 303 1371 570 1419; x_wconf 80' lang='lat' dir='ltr'>succedant</span> <span class='ocrx_word' id='word_1_45' title='bbox 595 1371 778 1425; x_wconf 81' lang='lat' dir='ltr'>omnia,</span> <span class='ocrx_word' id='word_1_46' title='bbox 820 1383 931 1416; x_wconf 85' lang='lat' dir='ltr'>cum</span> <span class='ocrx_word' id='word_1_47' title='bbox 970 1365 1258 1430; x_wconf 78' lang='lat' dir='ltr'>praepctcnti</span> 
     </span>
     <span class='ocr_line' id='line_1_11' title="bbox 72 1447 1258 1515; baseline -0.009 -13"><span class='ocrx_word' id='word_1_48' title='bbox 72 1454 183 1503; x_wconf 85' lang='lat' dir='ltr'>Deo</span> <span class='ocrx_word' id='word_1_49' title='bbox 234 1453 399 1501; x_wconf 82' lang='lat' dir='ltr'>debita</span> <span class='ocrx_word' id='word_1_50' title='bbox 441 1468 564 1499; x_wconf 83' lang='lat' dir='ltr'>verae</span> <span class='ocrx_word' id='word_1_51' title='bbox 614 1451 812 1515; x_wconf 83' lang='lat' dir='ltr'>pietatis</span> <span class='ocrx_word' id='word_1_52' title='bbox 853 1447 1015 1495; x_wconf 85' lang='lat' dir='ltr'>officia</span> <span class='ocrx_word' id='word_1_53' title='bbox 1052 1447 1258 1492; x_wconf 79' lang='lat' dir='ltr'>minime</span> 
     </span>
     <span class='ocr_line' id='line_1_12' title="bbox 73 1526 1258 1595; baseline -0.008 -12"><span class='ocrx_word' id='word_1_54' title='bbox 73 1535 374 1583; x_wconf 80' lang='lat' dir='ltr'>deferuntur.</span> <span class='ocrx_word' id='word_1_55' title='bbox 463 1532 685 1579; x_wconf 72' lang='lat' dir='ltr'>Primum</span> <span class='ocrx_word' id='word_1_56' title='bbox 752 1531 938 1595; x_wconf 82' lang='lat' dir='ltr'>(inquit</span> <span class='ocrx_word' id='word_1_57' title='bbox 1006 1526 1258 1587; x_wconf 78' lang='lat' dir='ltr'>Christus)</span> 
     </span>
     <span class='ocr_line' id='line_1_13' title="bbox 81 1610 1262 1675; baseline -0.007 -15"><span class='ocrx_word' id='word_1_58' title='bbox 81 1615 293 1672; x_wconf 78' lang='lat' dir='ltr'>Quoerite</span> <span class='ocrx_word' id='word_1_59' title='bbox 325 1628 523 1675; x_wconf 63' lang='lat' dir='ltr'>remmon</span> <span class='ocrx_word' id='word_1_60' title='bbox 560 1611 671 1666; x_wconf 70' lang='lat' dir='ltr'>Dei,</span> <span class='ocrx_word' id='word_1_61' title='bbox 714 1619 756 1657; x_wconf 76' lang='lat' dir='ltr'>et</span> <span class='ocrx_word' id='word_1_62' title='bbox 778 1611 1033 1670; x_wconf 72' lang='lat' dir='ltr'>justitiam</span> <span class='ocrx_word' id='word_1_63' title='bbox 1072 1610 1185 1669; x_wconf 69' lang='lat' dir='ltr'>ejus,</span> <span class='ocrx_word' id='word_1_64' title='bbox 1219 1615 1262 1652; x_wconf 65' lang='lat' dir='ltr'>et</span> 
     </span>
     <span class='ocr_line' id='line_1_14' title="bbox 72 1688 1264 1752; baseline -0.007 -12"><span class='ocrx_word' id='word_1_65' title='bbox 72 1697 167 1740; x_wconf 76' lang='lat' dir='ltr'>ista</span> <span class='ocrx_word' id='word_1_66' title='bbox 199 1697 362 1740; x_wconf 73' lang='lat' dir='ltr'>omnia</span> <span class='ocrx_word' id='word_1_67' title='bbox 396 1693 523 1739; x_wconf 75' lang='lat' dir='ltr'>vobis</span> <span class='ocrx_word' id='word_1_68' title='bbox 560 1692 868 1752; x_wconf 61' lang='lat' dir='ltr'>adjicientur.</span> <span class='ocrx_word' id='word_1_69' title='bbox 939 1689 1074 1735; x_wconf 87' lang='lat' dir='ltr'>Hinc</span> <span class='ocrx_word' id='word_1_70' title='bbox 1114 1688 1264 1749; x_wconf 79' lang='lat' dir='ltr'>igitur</span> 
     </span>
     <span class='ocr_line' id='line_1_15' title="bbox 75 1768 1261 1836; baseline -0.007 -16"><span class='ocrx_word' id='word_1_71' title='bbox 75 1773 332 1826; x_wconf 82' lang='lat' dir='ltr'>admoniti,</span> <span class='ocrx_word' id='word_1_72' title='bbox 357 1773 517 1836; x_wconf 88' lang='lat' dir='ltr'>primo</span> <span class='ocrx_word' id='word_1_73' title='bbox 543 1771 602 1817; x_wconf 86' lang='lat' dir='ltr'>de</span> <span class='ocrx_word' id='word_1_74' title='bbox 639 1771 698 1816; x_wconf 90' lang='lat' dir='ltr'>iis</span> <span class='ocrx_word' id='word_1_75' title='bbox 734 1768 1097 1832; x_wconf 76' lang='lat' dir='ltr'>praecipendum</span> <span class='ocrx_word' id='word_1_76' title='bbox 1123 1772 1261 1830; x_wconf 68' lang='lat' dir='ltr'>puta-</span> 
     </span>
     <span class='ocr_line' id='line_1_16' title="bbox 75 1849 1259 1913; baseline -0.004 -14"><span class='ocrx_word' id='word_1_77' title='bbox 75 1854 252 1910; x_wconf 79' lang='lat' dir='ltr'>vimUS,</span> <span class='ocrx_word' id='word_1_78' title='bbox 277 1868 384 1913; x_wconf 82' lang='lat' dir='ltr'>quae</span> <span class='ocrx_word' id='word_1_79' title='bbox 409 1851 470 1898; x_wconf 82' lang='lat' dir='ltr'>ad</span> <span class='ocrx_word' id='word_1_80' title='bbox 498 1851 768 1912; x_wconf 77' lang='lat' dir='ltr'>Reiigicnis</span> <span class='ocrx_word' id='word_1_81' title='bbox 798 1850 959 1896; x_wconf 81' lang='lat' dir='ltr'>officia</span> <span class='ocrx_word' id='word_1_82' title='bbox 994 1849 1259 1912; x_wconf 69' lang='lat' dir='ltr'>pertinent„</span> 
     </span>
     <span class='ocr_line' id='line_1_17' title="bbox 75 1928 1263 1993; baseline -0.003 -15"><span class='ocrx_word' id='word_1_83' title='bbox 75 1933 317 1980; x_wconf 81' lang='lat' dir='ltr'>Volumus</span> <span class='ocrx_word' id='word_1_84' title='bbox 341 1933 489 1993; x_wconf 79' lang='lat' dir='ltr'>igitur</span> <span class='ocrx_word' id='word_1_85' title='bbox 514 1938 563 1978; x_wconf 84' lang='lat' dir='ltr'>et</span> <span class='ocrx_word' id='word_1_86' title='bbox 590 1931 865 1977; x_wconf 79' lang='lat' dir='ltr'>Statuimus</span> <span class='ocrx_word' id='word_1_87' title='bbox 889 1936 944 1976; x_wconf 79' lang='lat' dir='ltr'>ut</span> <span class='ocrx_word' id='word_1_88' title='bbox 978 1928 1172 1993; x_wconf 85' lang='lat' dir='ltr'>publice</span> <span class='ocrx_word' id='word_1_89' title='bbox 1209 1929 1263 1974; x_wconf 79' lang='lat' dir='ltr'>in</span> 
     </span>
     <span class='ocr_line' id='line_1_18' title="bbox 82 2009 1260 2074; baseline -0.006 -13"><span class='ocrx_word' id='word_1_90' title='bbox 82 2013 277 2061; x_wconf 80' lang='lat' dir='ltr'>Sacello</span> <span class='ocrx_word' id='word_1_91' title='bbox 332 2011 541 2073; x_wconf 76' lang='lat' dir='ltr'>collegii</span> <span class='ocrx_word' id='word_1_92' title='bbox 577 2025 747 2074; x_wconf 81' lang='lat' dir='ltr'>preces</span> <span class='ocrx_word' id='word_1_93' title='bbox 783 2009 1034 2056; x_wconf 73' lang='lat' dir='ltr'>matutinae</span> <span class='ocrx_word' id='word_1_94' title='bbox 1071 2015 1120 2055; x_wconf 84' lang='lat' dir='ltr'>et</span> <span class='ocrx_word' id='word_1_95' title='bbox 1159 2024 1260 2055; x_wconf 52' lang='lat' dir='ltr'>ves-1</span> 
     </span>
     <span class='ocr_line' id='line_1_19' title="bbox 77 2088 1261 2157; baseline -0.004 -17"><span class='ocrx_word' id='word_1_96' title='bbox 77 2094 280 2157; x_wconf 76' lang='lat' dir='ltr'>pertinae</span> <span class='ocrx_word' id='word_1_97' title='bbox 305 2106 498 2153; x_wconf 86' lang='lat' dir='ltr'>quoque</span> <span class='ocrx_word' id='word_1_98' title='bbox 523 2090 601 2137; x_wconf 87' lang='lat' dir='ltr'>die</span> <span class='ocrx_word' id='word_1_99' title='bbox 637 2089 922 2136; x_wconf 82' lang='lat' dir='ltr'>offerantur.</span> <span class='ocrx_word' id='word_1_100' title='bbox 994 2088 1114 2136; x_wconf 73' lang='lat' dir='ltr'>Post</span> <span class='ocrx_word' id='word_1_101' title='bbox 1152 2104 1261 2152; x_wconf 84' lang='lat' dir='ltr'>pre-</span> 
     </span>
     <span class='ocr_line' id='line_1_20' title="bbox 79 2167 1260 2221; baseline -0.005 0"><span class='ocrx_word' id='word_1_102' title='bbox 79 2189 160 2221; x_wconf 85' lang='lat' dir='ltr'>ces</span> <span class='ocrx_word' id='word_1_103' title='bbox 184 2188 299 2221; x_wconf 85' lang='lat' dir='ltr'>vero</span> <span class='ocrx_word' id='word_1_104' title='bbox 324 2172 592 2219; x_wconf 66' lang='lat' dir='ltr'>matutinas</span> <span class='ocrx_word' id='word_1_105' title='bbox 631 2169 938 2218; x_wconf 85' lang='lat' dir='ltr'>Concionem</span> <span class='ocrx_word' id='word_1_106' title='bbox 974 2169 1026 2216; x_wconf 92' lang='lat' dir='ltr'>in</span> <span class='ocrx_word' id='word_1_107' title='bbox 1067 2167 1260 2216; x_wconf 69' lang='lat' dir='ltr'>sacello</span> 
     </span>
     <span class='ocr_line' id='line_1_21' title="bbox 628 2259 706 2298; baseline -0.026 0"><span class='ocrx_word' id='word_1_108' title='bbox 628 2267 657 2298; x_wconf 93' lang='lat' dir='ltr'>E</span> <span class='ocrx_word' id='word_1_109' title='bbox 678 2259 706 2296; x_wconf 82' lang='lat'>2</span> 
     </span>
    </p>
   </div>
  </div>
 </body>
</html>
