1458 2455
660 148 747 199 119

111 289 225 322 vero
283 274 555 338 Praepositi,
608 281 658 323 et
708 277 968 326 Sociorum
1020 280 1284 331 Seniorum

109 360 412 401 commeatus
435 355 499 401 sit
523 354 685 403 adhuc
709 356 904 412 lautior,
936 360 998 407 ad
1028 361 1285 410 arbitrium

108 431 381 495 Praepositi,
426 433 574 482 modo
618 435 917 484 ordinariam
954 439 1150 489 diaetam
1184 459 1286 492 non

107 511 312 559 excedat
346 513 556 578 amplius
590 516 879 580 quadruplo.
966 520 1067 568 Pro
1107 523 1286 572 salario

106 590 380 639 allocentur
417 609 507 656 per
544 610 728 642 annum
772 596 1046 662 Praeposito
1083 608 1285 650 centum

104 668 236 716 librae
261 671 514 734 sterlingae.
587 672 746 721 Sociis
764 683 953 740 septem
977 678 1280 737 Senioribus,

106 749 307 798 cuilibet
347 767 523 799 novem
566 753 701 801 librae
743 756 997 819 sterhngae,
1046 758 1283 807 tredecim

105 829 261 886 solidi,
281 838 491 892 quatuor
508 833 713 882 denarii.
755 836 1013 885 Sociorum
1024 837 1282 900 juniorum

105 908 306 956 cuilibet
319 916 417 957 tres
432 910 567 958 librae
584 909 841 976 sterlingae.
911 915 1167 980 Discipulo
1187 920 1285 965 cui-

104 1005 199 1050 que
218 989 387 1037 decem
412 992 585 1051 solidi3
608 993 889 1042 Hibernicis
914 1012 1030 1044 vero
1055 997 1282 1062 Discipu-

104 1070 162 1117 lis
199 1070 344 1134 (quos
380 1087 407 1119 e
448 1075 821 1138 pauperioribus
864 1076 977 1139 eligi
1021 1077 1279 1135 VolumUS‚

102 1151 251 1199 modo
271 1152 405 1215 digni
428 1154 545 1216 sint)
565 1156 740 1217 cuique
757 1162 854 1204 tres
873 1156 1003 1204 librae
1021 1158 1280 1221 sterlingae.

105 1230 402 1278 Catechistae
453 1233 687 1281 tredecim
733 1236 863 1283 librae
904 1237 1157 1299 sterlingae‚
1198 1254 1283 1285 sex

103 1309 257 1367 solidi,
292 1317 403 1358 octo
434 1311 637 1360 denarii.
706 1314 912 1362 Decano
947 1315 1141 1364 Seniori
1168 1333 1284 1379 qua-

101 1397 214 1436 tuor
236 1390 370 1437 librae
393 1392 652 1456 sterlingae.
721 1393 753 1441 J
759 1396 917 1442 uniori
942 1395 1146 1445 Decano
1179 1398 1282 1446 duae

101 1469 236 1516 librae
260 1471 518 1534 sterlingae.
589 1473 834 1523 Primario
855 1476 1053 1525 Lectori
1073 1487 1285 1540 quatuor

102 1548 237 1595 librae
279 1550 533 1613 sterlingae.
621 1553 765 1601 Senis
806 1555 1117 1604 inferioribus
1152 1558 1282 1605 Prae-

102 1626 366 1675 lectoribus
381 1629 583 1692 singulis
602 1647 690 1695 per
715 1649 899 1681 annum
923 1643 1133 1696 quatuor
1153 1637 1284 1684 librae

104 1707 361 1769 sterlingae.
431 1709 667 1759 Bursario
687 1712 855 1760 decem
877 1714 1007 1761 librae
1026 1716 1281 1779 sterlingae.

104 1786 331 1834 Auditori
349 1803 434 1835 sex
450 1789 579 1836 librae
595 1791 851 1854 sterlingae,
874 1796 1109 1844 tredecim
1127 1799 1283 1855 solidi,

105 1874 317 1929 quatuor
340 1869 543 1917 denarii.
614 1871 1000 1923 Bibliothecario
1024 1884 1123 1924 tres
1146 1878 1282 1926 librae

105 1947 363 2009 sterlingae.
438 1948 488 1996 Si
512 1956 677 1997 autem
702 1952 887 2000 reditus
915 1953 1122 2018 Collegii
1153 1965 1283 2020 post-

104 2028 199 2075 hac
223 2044 281 2076 eo
307 2045 459 2091 usque
478 2032 736 2087 creverint,
772 2040 824 2079 ut
854 2035 978 2081 ratio
1010 2034 1070 2082 de
1101 2051 1284 2098 augen-

106 2108 179 2156 dis
203 2108 390 2156 salariis
415 2110 528 2156 iniri
552 2112 720 2174 possit,
749 2111 1007 2172 Volumus,
1028 2121 1077 2162 et
1105 2114 1284 2163 Statui-

106 2204 230 2245 mUS,
258 2196 313 2237 ut
336 2189 502 2239 habita
525 2194 842 2257 proportione
867 2194 928 2242 ad
959 2211 1018 2244 ea
1047 2211 1153 2259 quae
1177 2195 1284 2259 jam
