1504 2501
776 175 839 228 78

217 298 437 347 detersis.
508 300 679 363 Neque
706 303 756 349 in
780 302 974 350 Sacello
1013 305 1273 366 quicquam
1313 306 1407 352 nisi

217 395 429 436 sacrum,
469 398 736 446 personare
774 383 845 431 fas
883 391 1003 431 esto.
1075 384 1141 431 Et
1174 401 1270 446 quo
1307 385 1408 432 haec

218 464 394 512 melius
433 473 682 524 curentur,
711 467 971 524 Volumus,
1002 476 1058 515 ut
1095 485 1121 516 e
1154 468 1406 516 Studenti-

218 545 308 591 bus
333 546 724 610 pauperioribus,
745 547 954 609 eligatur
975 564 1062 612 per
1081 548 1406 612 Praepositum

216 626 422 673 idoneus
449 627 623 688 aliquis
648 627 710 674 ad
743 628 966 675 Sacristae
1006 644 1186 675 munus
1224 628 1405 675 obeun-

217 706 350 762 dum,
387 708 469 768 qui
510 707 776 764 Sacellum,
822 715 871 755 et
908 715 1068 755 totum
1108 716 1404 773 apparatum

215 802 411 833 sacrum
453 787 686 836 decenter
731 789 989 845 custodiat,
1044 791 1224 851 quique
1269 790 1402 837 horis

216 867 392 914 debitis
417 869 478 915 ad
502 885 672 932 preces
707 869 929 933 publicas
964 886 1258 934 campanam
1297 871 1402 934 pul«

215 955 301 1005 set,
343 965 433 1012 pro
475 950 655 996 salario
694 965 809 996 vero
849 951 1057 1014 recipiat
1099 967 1128 997 a
1164 950 1401 998 Bursario

215 1030 475 1076 annuatim
494 1037 705 1091 quatuor
724 1030 871 1077 libras
896 1031 1168 1094 sterlingas.

281 1110 526 1157 Volumus
551 1112 716 1167 etiam,
746 1118 794 1159 et
823 1112 1114 1169 StatuimuS,
1143 1121 1198 1161 ut
1228 1131 1254 1162 e
1286 1114 1400 1162 Col-

212 1188 326 1250 legii
356 1190 694 1246 Studentibus,
729 1191 910 1254 singuli
941 1192 1139 1240 Artium
1177 1193 1403 1256 Magistri

213 1271 314 1317 sive
359 1270 508 1327 Socii,
559 1273 659 1318 sive
705 1272 965 1319 Sociorum
1010 1275 1399 1330 Commensales,

211 1350 313 1396 sive
339 1351 487 1396 etiam
510 1350 792 1397 cubiculum
819 1352 870 1398 in
896 1352 1119 1415 Collegio
1152 1355 1402 1418 possiden·

212 1436 285 1476 tes
306 1428 479 1492 (modo
496 1430 546 1475 in
562 1430 712 1476 sacris
730 1429 999 1478 Ordinibus
1015 1434 1113 1479 sint
1129 1435 1398 1491 constituti,

212 1509 287 1555 vel
313 1510 486 1556 saltem
517 1510 824 1558 Diaconatfis
851 1511 1027 1559 Ordini
1052 1514 1260 1576 initiati)
1294 1531 1400 1579 pre-

211 1608 324 1638 cum
352 1593 709 1639 matutinarum
735 1609 915 1640 munus
933 1610 1020 1657 per
1040 1596 1167 1642 vices
1194 1596 1395 1658 diligen·

211 1680 287 1720 ter
318 1673 463 1720 obeat
481 1693 493 1731 ;
523 1673 584 1720 ad
611 1689 811 1737 precum
856 1690 971 1721 vero
1010 1676 1400 1738 vespertinarum

211 1771 392 1800 munus
418 1755 775 1816 exequendum,
805 1755 1050 1802 Volumus
1071 1763 1119 1803 et
1138 1759 1400 1805 statuimus

210 1842 266 1882 ut
288 1834 522 1881 Decanus
553 1832 724 1895 junior
765 1850 853 1897 pro
894 1841 1119 1898 tempore
1158 1837 1398 1885 existente

211 1929 406 1976 semper
424 1920 666 1960 teneatur.
719 1913 865 1968 Quod
886 1914 924 1960 si
950 1915 1056 1975 quis
1077 1915 1231 1962 vicem
1257 1932 1395 1963 suam

209 2010 370 2055 neque
396 1995 498 2057 ipse
523 1993 682 2049 obeat,
709 2010 870 2055 neque
889 2010 977 2057 per
1001 1995 1152 2042 alium
1172 1996 1399 2060 supplen-

210 2072 323 2118 dam
349 2074 608 2128 curaverit,
659 2074 730 2119 ita
754 2079 808 2119 ut
833 2088 1003 2136 preces
1029 2073 1089 2120 ad
1117 2073 1262 2121 horas
1282 2090 1395 2121 con-

210 2153 420 2204 stitutaS,
446 2152 522 2198 vel
547 2152 817 2213 quamlibet
858 2169 1026 2200 earum
1063 2155 1252 2200 omissae
1293 2154 1394 2201 fue-

212 2235 326 2291 rint,
352 2233 611 2290 NolumUS,
640 2235 710 2281 illi
749 2234 905 2281 ullum
946 2235 1019 2282 vel
1058 2234 1393 2282 invalitudinis
