1504 2501
777 124 869 168 140

235 249 543 309 ignoratione
567 257 753 313 peccet,
781 251 1026 299 Volumus
1050 259 1104 300 ut
1129 252 1229 300 haec
1255 253 1417 301 Statu-

235 337 285 375 ta
334 328 513 377 Nostra
560 332 701 379 initio
749 331 986 395 cujusque
1037 333 1279 390 Termini,
1329 350 1418 398 per

234 409 464 458 Decanos
490 411 683 475 publice
708 420 757 460 et
780 413 1007 461 distincte
1032 414 1083 460 in
1119 412 1312 462 Sacello
1343 415 1418 461 vel

232 492 362 538 Aula
404 494 733 557 perlegantur.
816 495 911 543 Cui
964 495 1161 558 quidem
1215 496 1416 544 lectioni

238 570 485 618 Volumus
521 589 693 620 omnes
732 573 920 630 Socios,
952 574 1230 631 ScholareS,
1271 575 1417 623 Com-

234 655 493 710 mensales‚
553 663 602 703 et
662 657 783 704 alios
833 657 1101 705 Studentes
1166 660 1417 712 interesse,

232 735 328 781 nisi
368 752 426 783 ex
458 737 606 784 causa
638 738 933 794 rationabili,
971 738 999 786 a
1031 738 1309 802 Praeposito,
1344 740 1419 786 vel

234 831 293 862 eo
321 815 538 873 absente,
569 817 971 882 Vicepraeposito‚
998 835 1109 866 cum
1139 818 1302 880 aliquo
1328 819 1419 866 dis-

233 902 483 958 pensetur.
557 895 705 951 Quod
728 898 768 943 si
793 897 968 959 aliquae
993 896 1338 959 ambiguitates
1368 899 1419 946 in

237 976 448 1023 Statutis
479 976 614 1024 hisce
644 978 825 1024 nostris
863 978 1100 1032 oriantur,
1145 977 1205 1024 de
1247 977 1420 1039 quibus

234 1055 417 1117 aliquid
441 1064 631 1104 certum
658 1059 807 1105 statui
832 1074 933 1105 non
967 1063 1144 1122 potest,
1177 1059 1419 1121 imprimis

237 1136 550 1194 Mandaunw,
578 1145 633 1186 ut
663 1139 725 1186 ad
757 1140 1017 1186 veritatem
1049 1138 1418 1201 exquirendam,

232 1217 474 1264 literalem
509 1234 567 1265 ac
597 1219 1021 1280 grammaticalem
1056 1234 1256 1265 sensum
1295 1219 1423 1282 pari-

233 1306 323 1354 ter,
354 1305 403 1346 et
428 1306 646 1346 mentem
672 1307 892 1347 nostram
919 1301 1198 1363 respiciant.
1273 1300 1421 1356 Quod

233 1379 273 1425 si
310 1380 440 1426 inter
478 1379 794 1443 Praepositum
842 1388 892 1429 et
937 1381 1123 1437 Socios,
1169 1388 1252 1428 aut
1293 1383 1422 1429 inter

237 1458 368 1521 ipsos
431 1457 598 1505 Socios
651 1459 833 1507 aliosve
883 1476 1202 1522 quoscunque
1253 1459 1422 1508 Nostri

236 1536 445 1597 Collegii
471 1553 620 1601 super
658 1538 822 1600 aliquo
860 1539 1070 1587 articulo
1111 1539 1424 1588 Statutorum

236 1615 529 1664 Nostrorum
592 1617 796 1665 dubium
852 1619 1051 1682 aliquod
1115 1622 1304 1668 oriatur
1376 1628 1425 1669 et

236 1697 493 1753 discordia,
523 1696 661 1760 cujus
686 1699 882 1754 decisio,
924 1716 1012 1748 seu
1051 1717 1199 1748 sanus
1235 1708 1285 1749 et
1324 1701 1423 1766 pla-

236 1794 328 1825 nus
355 1778 650 1836 intellectus,
679 1781 810 1827 intra
834 1786 946 1829 octo
972 1781 1074 1828 dies
1109 1782 1362 1839 inclusive,
1395 1798 1424 1829 a

238 1865 461 1921 tempore
486 1859 752 1906 exorientis
781 1875 869 1907 seu
901 1868 1162 1908 commotae
1196 1861 1427 1909 dubitati-

238 1941 347 1985 onis
372 1940 746 2003 computandos,
776 1942 1054 2002 nequiverit
1082 1957 1111 1988 a
1136 1941 1421 2004 Praeposito,

241 2025 291 2064 et
308 2016 481 2079 majori
497 2027 636 2082 parte
650 2019 916 2067 Seniorum
939 2020 1193 2067 Sociorum
1215 2021 1283 2067 ita
1302 2020 1421 2073 dari,

240 2106 294 2146 ut
332 2115 504 2147 omnes
547 2103 876 2163 acquiescant,
922 2109 1028 2150 tum
1067 2102 1325 2159 Volumus,
1369 2110 1424 2150 ut

241 2179 339 2226 duo
356 2195 414 2226 ex
439 2180 596 2228 Sociis
615 2182 677 2230 ad
695 2183 744 2231 id
769 2199 949 2232 munus
972 2199 1060 2248 per
1081 2183 1420 2248 Praepositum‚
