1458 2455
689 163 747 205 31

112 293 241 357 ipsis,
283 290 575 348 Heredibus‚
617 297 667 338 et
707 289 1084 338 Successoribus
1120 289 1302 336 nostris

110 372 258 420 modo
300 373 541 420 reservari
577 378 627 419 et
660 372 943 420 continuari
986 371 1213 419 volumus
1248 370 1301 416 in

109 458 421 515 perpetuum.

176 530 479 586 CUMQUE
504 531 821 596 Praepositus,
847 538 897 579 et
919 531 1053 579 Socii
1078 538 1198 579 tunc
1223 546 1302 578 ex·

109 611 327 664 istentes,
345 608 490 672 juxta
514 610 821 658 Potestatem
846 610 938 657 sibi
962 611 1079 673 ipsis
1104 623 1303 656 conces-

110 708 214 739 sam
251 692 281 740 a
320 692 513 755 Regina
553 708 714 756 nuper
759 691 1069 748 Elizabethfi,
1105 691 1302 754 Corpus

114 773 428 821 Statutorum
453 789 542 837 pro
567 774 808 835 regimine
842 772 1052 834 Collegii
1077 772 1302 820 confece-

110 855 224 906 rint,
270 861 319 902 et
355 856 487 901 intra
523 870 574 902 se
624 854 992 912 stabiliverent3
1037 869 1145 915 quae
1195 851 1302 898 Sta-

110 941 218 982 tuta
256 933 363 997 jam
409 936 508 981 vim
557 935 783 982 obtinent
829 935 879 981 in
928 933 1184 993 Collegio:
1228 931 1304 978 Ac

111 1016 260 1063 modo
285 1022 587 1080 compertum
615 1016 690 1072 sit,
717 1014 949 1079 praedicta
978 1013 1178 1060 Statuta
1201 1027 1304 1058 non

112 1098 228 1144 satis
254 1097 575 1144 accommoda
598 1097 762 1152 fuisse,
789 1111 884 1143 nec
899 1110 1003 1142 esse
1029 1094 1091 1140 ad
1114 1093 1301 1140 bonum

111 1177 334 1238 regimen
361 1176 479 1223 dicti
519 1176 756 1238 Collegii:
794 1175 897 1222 Nos
931 1175 1095 1236 igitur,
1129 1172 1304 1219 eadem

115 1256 329 1311 Statatu‚
343 1272 403 1302 ex
422 1255 639 1302 Assensu
656 1254 1001 1318 praedictorum
1025 1253 1301 1316 Praepositi,

115 1335 392 1390 Sociorum,
421 1341 471 1381 et
499 1334 812 1382 Scholarium
839 1333 958 1380 dicti
983 1332 1210 1395 Collegii,
1232 1333 1300 1388 in,

113 1422 163 1462 et
180 1431 269 1479 per
293 1416 463 1462 omnia
487 1414 735 1462 annullari
759 1414 988 1461 volumus
1014 1420 1063 1461 et
1087 1414 1304 1461 declara-

112 1511 220 1542 mus
244 1511 334 1559 per
360 1501 655 1559 praesentes3
683 1495 779 1542 nisi
803 1495 935 1557 quod
959 1495 1306 1557 Augmentati-

111 1592 259 1623 onem
283 1576 463 1624 factam
495 1575 755 1623 Sociorum
784 1575 995 1638 Collegii
1015 1591 1044 1622 a
1061 1575 1217 1622 tribus
1242 1574 1305 1621 ad

110 1654 372 1710 sexdecim,
409 1661 460 1701 et
489 1653 805 1702 Scholarium
843 1653 1066 1716 ejusdem
1093 1653 1305 1714 Collegii

110 1751 139 1781 a
175 1735 331 1782 tribus
363 1736 424 1782 ad
464 1737 795 1799 septuaginta,
837 1741 887 1782 et
917 1734 1305 1781 Distinctionem

109 1816 453 1879 praedictorum
470 1816 719 1863 sexdecim
749 1815 1010 1862 Sociorum
1030 1815 1081 1860 in
1113 1819 1304 1876 septem

113 1895 346 1943 Seniores
374 1894 546 1941 Socios
571 1901 621 1941 et
647 1909 826 1941 novem
851 1892 1084 1939 Juniores
1113 1892 1301 1948 Socios,

108 1983 158 2023 et
204 1977 426 2037 regimen
477 1975 687 2036 Collegii
731 1972 1070 2021 concreditum
1110 1972 1306 2036 Praepo-

108 2057 201 2103 sito
240 2062 290 2103 et
325 2054 502 2117 majori
543 2055 673 2118 parti
724 2054 986 2102 Sociorum
1034 2052 1303 2101 Seniorum

108 2136 455 2184 tantummodo
495 2151 586 2199 pro
618 2141 840 2198 tempore
895 2134 1154 2187 existente,
1210 2134 1304 2179 vir-

108 2223 214 2264 tute
262 2216 532 2264 eorundem
592 2215 905 2263 Statutorum
954 2215 1301 2279 praedictorum
