1504 2501
757 159 848 204 112

191 289 241 333 in
278 301 392 333 eum
430 287 599 334 omnia
644 303 673 334 a
719 303 770 335 se
816 294 1019 352 accepta
1067 294 1116 336 et
1173 304 1387 352 expensa

194 366 404 414 fideliter
452 383 540 431 per
590 369 806 430 singulas
849 370 1150 433 septimanas
1188 369 1383 416 referto.

193 446 278 493 Ad
320 446 539 494 Bursarii
578 449 764 496 Curam
801 451 1062 514 pertineto,
1110 459 1165 497 ut
1211 450 1383 502 Sociis,

204 525 536 584 Scholaribus,
555 534 603 575 et
621 529 819 590 reliquis
835 529 1043 592 Collegii
1059 530 1381 586 studentibus,

203 606 262 653 de
297 607 548 656 alimentis
582 609 844 657 ordinariis
884 612 935 657 in
970 609 1100 658 Aulz'i
1135 611 1386 658 sumendis

198 694 332 735 recte
387 690 716 753 provideatur,
761 699 906 754 atque
946 700 1000 739 ut
1047 708 1106 740 ea
1151 693 1202 739 in
1232 692 1379 746 Aule,

199 768 393 831 prandii
423 785 669 832 coenaeque
710 777 947 835 tempore,
984 772 1155 819 ordine
1191 771 1383 835 dispen-

198 856 383 896 sentur.
432 851 507 898 Ac
532 851 739 914 proinde
765 851 1023 904 Volumus,
1050 851 1295 898 observari
1320 851 1381 898 ab

199 943 258 973 eo
284 928 572 976 inferiorum
600 929 968 977 Officiariorum
995 932 1227 986 aetioneS,
1255 938 1310 978 ut
1340 933 1379 978 si

197 1006 393 1067 quando
419 1008 580 1054 officio
605 1008 865 1064 defuerint,
895 1025 977 1056 eos
1002 1009 1279 1066 admoneat,
1308 1012 1379 1057 in-

197 1093 475 1150 orepetque,
511 1104 583 1145 ao,
620 1090 713 1135 nisi
737 1091 931 1151 gravius
956 1089 1188 1137 delictum
1215 1090 1374 1146 fuerit,

196 1168 350 1228 possit
374 1168 505 1215 solus
530 1184 619 1232 pro
644 1184 732 1216 suo
745 1167 858 1231 jure
883 1171 934 1216 in
959 1185 1041 1217 eos
1074 1170 1378 1217 animadver-

198 1253 318 1294 tere.

261 1327 459 1375 Etcum
482 1329 755 1377 ministeria
775 1331 1082 1392 quorundam
1101 1346 1371 1394 pauperum

194 1407 514 1464 studentium,
549 1425 636 1456 seu
664 1410 946 1456 Sizatorum
972 1411 1069 1457 sint
1096 1411 1374 1457 necessaria

193 1494 294 1534 tam
356 1488 528 1544 SociiS‚
597 1506 866 1551 eorumque
924 1490 1369 1545 Commensalibus,

194 1585 339 1631 quam
373 1569 434 1616 ad
465 1585 658 1616 mensas
693 1570 1003 1617 Scholarium
1031 1578 1080 1618 et
1105 1571 1372 1618 Pensiona-

192 1651 394 1704 riorum,
424 1648 669 1696 Volumus
695 1657 743 1697 et
776 1650 1066 1707 Statuimus,
1100 1658 1154 1698 ut
1185 1652 1372 1698 unicui-

194 1745 288 1790 que
317 1729 575 1777 Sociorum
609 1747 762 1778 unum
799 1748 859 1779 ex
893 1732 968 1779 his
1005 1733 1055 1778 in
1092 1732 1370 1793 Collegium

192 1811 452 1857 admittere
477 1810 637 1867 liceat,
661 1811 832 1874 (modo
859 1812 1064 1860 idoneus
1081 1813 1143 1859 sit
1161 1812 1370 1859 Auditor

191 1889 440 1952 LogieeS‚)
483 1897 532 1937 et
573 1897 684 1938 octo
720 1898 959 1954 praeterea
1006 1892 1082 1939 vel
1129 1891 1294 1955 plures
1341 1907 1370 1938 a

192 1969 478 2032 Praeposito,
504 1971 543 2016 si
569 1971 659 2034 ipsi
679 1973 831 2017 visum
853 1971 1014 2026 fuerit,
1035 1972 1365 2033 designentur.

192 2049 433 2096 Nolumus
453 2058 619 2098 tamen
648 2052 734 2115 (ne
759 2054 897 2099 oneri
921 2054 1020 2100 sint
1044 2053 1291 2116 Collegio)
1312 2061 1365 2100 ut

190 2145 450 2176 numerum
485 2133 791 2193 trigesimum
816 2133 989 2181 eodem
1022 2141 1245 2198 tempore
1277 2151 1363 2181 un-

189 2225 333 2272 quam
362 2210 615 2261 excedant.
689 2212 766 2260 Ex
790 2213 864 2261 his
889 2214 1072 2275 aliquot
1099 2215 1364 2261 constituat
