1504 2501
741 157 771 203 ὁ

191 285 229 330 si
241 285 502 347 contigerit
516 286 861 351 praedictorum
881 288 1140 336 Sociorum
1157 296 1207 337 et
1220 289 1372 339 Scho-

192 363 369 411 larium
396 365 610 428 aliquem
634 368 735 415 ullo
759 368 907 416 modo
926 369 1108 425 deesse,
1136 376 1222 417 aut
1240 386 1373 418 amo-

195 446 309 499 veri,
329 445 507 500 Morte,
533 446 768 504 Decessu,
803 447 1173 511 Resignafflone,
1197 449 1373 514 Depri-

192 527 404 582 vatione,
425 528 501 574 vel
527 528 623 576 alio
649 529 818 590 quovis
842 529 1004 585 modo,
1033 530 1163 591 quod
1182 529 1301 578 tunc
1326 537 1375 577 et

193 606 423 671 deinceps
462 607 587 655 bene
624 608 785 663 liceat,
822 615 871 656 et
905 608 1073 656 licebit
1105 610 1373 674 Praeposito

192 689 474 750 caeterisque
503 689 676 745 Sociis,
705 690 776 737 ve]
800 706 970 737 eorum
1000 690 1375 738 Successoribus

193 771 253 818 ad
291 779 410 819 tunc
448 772 887 836 superviventibus,
928 773 1002 820 vel
1036 772 1211 835 majori
1244 774 1374 838 parti

193 852 479 905 eorundem,
522 852 669 899 aliam
714 853 942 899 idoneam
977 868 1255 916 personam,
1299 852 1375 899 vel

193 930 313 977 alias
336 931 538 978 idoneas
557 947 806 994 personas,
843 932 894 977 in
929 931 1094 978 locum
1122 930 1196 977 vel
1219 931 1371 986 locos,

193 1011 414 1074 praedicti
466 1011 604 1058 Socii
650 1011 727 1058 vel
777 1011 1041 1067 Scholaris,
1096 1011 1372 1067 Sociorum,

191 1093 267 1139 vel
307 1092 635 1147 Scholarium,
665 1091 860 1154 eligere,
885 1092 1159 1147 nominare,
1188 1097 1237 1138 et
1261 1107 1375 1139 con-

193 1175 411 1229 stituere,
451 1173 581 1219 infra
616 1172 738 1219 duos
773 1188 966 1219 menses
1001 1173 1230 1236 proxime
1265 1170 1375 1236 post

191 1259 465 1315 sequentes,
482 1259 530 1299 et
547 1252 701 1310 sic,de
712 1258 935 1316 tempore
946 1253 996 1298 in
1006 1259 1215 1315 tempus,
1230 1250 1375 1299 toties

194 1330 383 1394 quoties
402 1331 554 1387 Mors,
575 1330 834 1386 Decessus,
854 1330 1156 1393 Resignatio,
1177 1331 1253 1378 vel
1276 1331 1375 1379 De-

191 1414 417 1477 privatio,
458 1413 750 1474 contigerit:
792 1411 1036 1473 Quodque
1069 1427 1237 1459 eorum
1272 1413 1374 1474 qui-

190 1495 310 1542 libet
345 1496 428 1551 sio,
455 1494 515 1541 de
562 1500 787 1558 tempore
833 1494 885 1539 in
931 1499 1126 1556 tempus
1173 1491 1373 1546 electus,

191 1575 371 1622 habeat
406 1582 454 1625 et
500 1575 727 1637 gaudeat,
767 1580 816 1622 et
849 1573 1033 1620 habere
1071 1580 1120 1620 et
1155 1572 1372 1635 gaudere

192 1656 364 1712 valeat,
385 1662 434 1703 et
450 1656 617 1719 possit,
638 1654 761 1702 adeo
776 1654 975 1718 plenam
994 1659 1048 1700 et
1066 1653 1265 1700 liberam
1289 1668 1374 1716 po·

190 1740 419 1782 testatem
445 1740 494 1780 et
510 1733 861 1780 authoritatem
882 1733 930 1778 in
957 1731 1202 1790 omnibus,
1224 1738 1273 1779 et
1286 1747 1375 1795 per

192 1815 374 1870 omnia,
398 1820 446 1860 et
465 1814 526 1860 ad
546 1814 727 1867 omnia,
745 1818 794 1860 et
810 1811 1018 1874 singula,
1040 1811 1245 1873 agenda,
1266 1827 1374 1876 per-

192 1893 457 1956 implenda,
497 1901 546 1940 et
581 1891 836 1954 exigenda,
873 1899 1021 1955 prout
1053 1892 1226 1953 aliquis
1251 1891 1374 1938 alius

196 1971 454 2019 Sociorum
482 1972 701 2035 praedicti
739 1971 964 2034 Collegii,
1003 1974 1172 2034 quovis
1207 1972 1371 2028 modo,

191 2051 387 2108 habere,
439 2069 525 2099 seu
571 2053 785 2115 gaudere
834 2053 1020 2111 debeat,
1074 2061 1159 2101 aut
1205 2054 1370 2117 possit.

256 2133 351 2180 ET
412 2133 610 2188 QUOD
651 2135 760 2198 ipsi,
811 2141 861 2182 et
907 2135 1224 2181 Successores
1281 2135 1372 2190 sui,

191 2229 277 2277 per
310 2229 490 2260 nomen
525 2213 799 2277 Praepositi,
841 2213 1116 2268 Sociorum,
1146 2219 1195 2260 et
1224 2213 1375 2261 Scho-
