1458 2455
717 143 768 185 11

127 273 504 321 honoratissimo
519 278 569 319 et
582 272 863 319 fidelissimo
885 271 1187 319 Consiliario
1207 287 1315 318 nos-

126 361 217 409 tro,
254 352 508 401 Gulielmo
540 353 761 409 Cecillio,
795 352 1014 401 Domino
1039 353 1227 401 Baroni
1251 352 1311 400 de

124 431 391 495 Burghley,
417 434 566 480 totius
590 434 782 495 Angliae
800 433 1147 489 Thesaurari0‚
1174 432 1303 480 dele-

123 518 287 575 gatam
314 512 664 577 approbamus)
690 520 739 562 et
763 520 816 561 ut
847 513 1053 577 posthac
1077 514 1306 561 idoneam

124 589 409 653 hujusmodi
456 593 746 648 Personam,
797 609 908 641 cum
958 593 1182 648 defuerit,
1218 610 1307 657 pro

123 671 269 733 hujus
306 671 516 735 Collegii
555 673 881 730 Cancellario,
919 672 1233 736 Praepositus,
1259 681 1308 720 et

122 751 282 815 major
305 753 429 800 Pars
457 753 717 801 Sociorum
744 754 942 816 eligant,
983 753 1268 801 ordinamus
1289 774 1302 813 3

123 832 223 887 Qui
249 832 602 889 Cancellarius,
630 834 706 881 vel
728 832 832 896 ejus
859 834 1301 890 Procancellarius,

122 929 236 960 cum
264 914 660 977 Archiepiscopo
696 913 900 969 Dublin,
935 912 1182 977 Episcopo
1214 913 1306 960 Mi-

124 993 281 1046 densi,
341 993 789 1051 Vicethesaurario,
853 993 1186 1040 Thesaurario
1243 992 1304 1039 ad

123 1076 359 1129 Guerras,
393 1083 441 1123 et
485 1076 701 1140 Capitali
734 1076 1021 1123 Justiciario
1059 1075 1301 1139 Capitalis

123 1156 287 1203 Placae
318 1163 497 1202 nostrae
523 1155 650 1202 infra
682 1156 775 1202 hoc
810 1155 1041 1217 Regnum
1076 1163 1300 1202 nostrum

120 1236 388 1292 Hiberniae,
445 1233 626 1297 Majori
682 1234 908 1282 Civitatis
953 1234 1157 1290 Dublin,
1210 1251 1299 1298 pro

120 1319 370 1383 Tempore
435 1319 690 1373 existente,
757 1317 832 1364 vel
884 1315 1060 1379 majori
1122 1332 1294 1363 eorum

117 1405 271 1462 parte,
313 1400 396 1461 qui
443 1398 750 1445 vocabuntur
797 1397 1295 1450 VISITATORES,

117 1495 287 1526 omnes
340 1479 493 1535 Lites,
534 1479 785 1535 Actiones,
836 1485 885 1526 et
921 1478 1295 1526 Controversias

115 1562 258 1621 (quas
304 1560 619 1624 PraepositUS‚
666 1567 714 1608 et
754 1559 915 1623 major
955 1560 1080 1607 Pars
1127 1560 1293 1607 Socio-

113 1654 222 1685 rum
245 1656 347 1687 non
370 1642 559 1704 possint
596 1641 919 1706 componere)
946 1642 1194 1695 dirimant,
1245 1647 1294 1687 et

113 1717 381 1779 definiant3
422 1721 488 1767 Et
520 1722 649 1783 quod
673 1724 841 1769 omnia
864 1724 1088 1784 graviora
1113 1721 1290 1768 delicta

112 1796 173 1843 ab
208 1798 313 1861 ipso
349 1799 634 1863 Praeposito,
674 1808 723 1848 et
751 1801 908 1848 Sociis
933 1816 1033 1848 non
1060 1799 1287 1847 emenda-

111 1884 176 1934 ta,
205 1879 619 1928 animadvertant.

173 1958 497 2015 DENIQUE
521 1963 796 2015 statuimus,
813 1968 862 2008 et
880 1961 1177 2016 ordinamus,
1198 1976 1288 2024 pro

110 2037 168 2085 ea
193 2037 371 2085 Gratia
407 2039 502 2100 qua
540 2040 717 2087 Studia
748 2046 797 2087 et
834 2040 1088 2087 Studiosos
1123 2054 1284 2104 prose-

107 2117 317 2178 quimur,
339 2124 395 2164 ut
418 2119 647 2181 quicquid
673 2117 942 2182 adjumenti
968 2119 1028 2167 ad
1054 2120 1147 2167 hoc
1172 2119 1283 2167 Col-
