1458 2455
643 114 704 162 69

721 188 742 207 ,ι

85 249 313 304 historiiS,
342 253 391 295 et-
413 246 585 311 poetis,
626 252 675 293 et
721 246 771 291 in
814 249 918 292 toto
955 259 1134 307 genere
1176 242 1264 291 hu-

84 330 321 378 manioris
345 328 614 375 literaturae
635 344 649 384 3
688 333 879 386 quarto,
919 325 969 371 in
1007 323 1265 372 scribendo

85 410 144 457 de
169 410 387 457 themate
414 407 593 469 aliquo,
621 411 670 452 et
708 404 923 452 versibus
970 419 1268 467 componen-

85 490 170 538 dis.
245 488 345 544 Qui
387 494 552 534 autem
598 501 782 532 nomen
802 501 961 540 suum,
997 491 1047 531 et
1083 499 1267 530 nomen

86 570 347 618 comitatus
372 570 421 615 in
448 584 544 630 quo
568 573 714 614 natus
753 566 916 621 fuerit,
952 571 1067 612 ante
1104 564 1268 611 electi-

86 652 192 698 onis
251 650 397 705 diem,
451 648 750 711 Praeposito,
790 651 874 692 aut
929 661 987 692 eo
1045 637 1262 699 absente,

87 729 474 793 Vicepraeposito
505 725 803 774 tradendum
845 740 944 771 non
1003 724 1264 778 curaverit,

87 816 171 858 aut
207 811 289 872 qui
328 810 469 856 dictis
506 813 717 870 quatuor
754 805 938 860 diebus,
977 804 1110 850 horis
1148 818 1268 867 prae-

91 891 298 954 scriptis,
354 889 642 936 Electorum
683 887 986 949 quaestioneS‚
1025 884 1268 932 examina-

85 972 341 1032 tionesque
381 985 478 1016 non
516 969 817 1021 sustinuerit,
856 968 905 1013 in
933 964 1272 1027 eligendorum

86 1067 295 1098 numero
348 1066 438 1114 pro
501 1065 558 1096 eo
604 1055 828 1111 tempore
868 1062 969 1093 non
1011 1044 1266 1100 habeatur,

86 1153 245 1200 neque
270 1138 321 1183 in
347 1136 404 1183 ea
429 1135 669 1182 electione
698 1134 749 1179 in
788 1137 966 1179 coetum
1013 1130 1268 1178 Sociorum

89 1226 360 1285 cooptetur.
440 1216 707 1264 Sumantur
751 1218 918 1259 autem
961 1211 1265 1274 potissimum

88 1311 136 1353 et
172 1304 417 1365 eligantur
453 1315 513 1346 ex
552 1311 726 1344 eorum
766 1309 976 1341 numero
1024 1294 1082 1353 (si
1117 1293 1266 1341 modo

82 1384 246 1432 idonei
295 1380 589 1433 habeantur,
635 1382 684 1423 et
746 1374 930 1421 caeteris
982 1373 1150 1436 pares)
1204 1390 1267 1435 qu

85 1466 189 1513 nati
208 1469 323 1511 sunt
341 1463 390 1508 in
407 1475 560 1522 regno
584 1463 755 1504 nostro
787 1454 1057 1510 Hiberniae,
1086 1454 1268 1516 alioqui

88 1563 146 1594 ex
178 1545 285 1592 aliis
311 1543 432 1590 locis
468 1540 680 1588 Coronae
720 1543 900 1584 nostrae
938 1535 1135 1595 Magnae
1161 1535 1270 1582 Bri-

88 1626 272 1675 tanniae
294 1622 539 1686 subjectis.
610 1619 857 1668 Postridie
882 1617 979 1663 diei
999 1616 1268 1671 electionis,

88 1706 211 1753 hora
258 1702 431 1751 octava
485 1698 727 1747 matutina
762 1696 956 1760 publice
988 1696 1036 1741 in
1078 1694 1272 1741 Sacello

92 1786 315 1847 Collegii,
350 1784 400 1830 in
433 1780 689 1846 praesentia
740 1778 963 1825 omnium
1016 1775 1271 1822 Sociorum

90 1867 218 1914 domi
255 1863 587 1927 praesentium,
633 1865 682 1906 et
705 1864 760 1904 ut
801 1856 1030 1903 intersint
1061 1855 1271 1900 monito-

89 1961 214 1997 rum,
263 1957 434 1989 omnes
459 1941 600 1987 electi
628 1938 955 1985 admittantur
980 1936 1031 1980 in
1066 1933 1268 1997 plenum

84 2025 166 2088 jus
190 2024 455 2070 Juniorum
487 2020 763 2073 Sociorum,
806 2024 854 2064 et
896 2016 1125 2078 deinceps
1166 2030 1271 2078 per-

92 2109 277 2173 cipiant
299 2120 361 2154 ea
397 2102 670 2157 commoda,
722 2109 770 2148 et
811 2101 1013 2155 fructus,
1065 2100 1146 2160 qui
1186 2098 1273 2144 hu-

87 2187 318 2251 jusmodo
357 2185 510 2233 Sociis
536 2199 595 2230 ex
624 2182 834 2229 Statutis
872 2178 1272 2245 praescribuntur,

96 2269 367 2317 Senioritas
392 2280 506 2313 vero
535 2263 792 2312 Sociorum
820 2277 978 2325 nuper
1006 2260 1275 2308 electorum
