1458 2455
674 175 762 217 155

124 303 253 349 intra
270 302 487 349 triduum
514 317 542 349 a
569 304 822 349 vacatione
842 303 1038 366 cognita
1061 305 1111 351 in
1136 304 1299 352 locum

124 382 497 446 Vicepraepositi
545 382 738 443 eligere,
780 384 862 443 qui
905 385 1118 447 praestito
1164 386 1300 448 prius

113 459 401 523 juramento
426 477 515 525 per
536 467 720 508 statuta
743 464 979 524 requisito
1012 479 1178 512 coram
1203 464 1300 512 De-

121 557 244 589 cano
268 543 476 599 seniore,
498 544 603 606 (cui
628 550 922 606 potestatem
942 543 1215 606 juramenti
1241 546 1300 592 is-

120 622 216 668 tius
241 622 615 669 administrandi
641 624 691 669 in
716 638 776 670 eo
801 638 917 670 casu
941 625 1301 685 concedimus‚)

121 703 289 749 omnia
313 704 474 750 officia
502 702 877 766 Vicepraepositi
901 712 1128 751 exerceat
1145 721 1299 767 usque

121 783 182 830 ad
228 785 514 830 vicesimum
564 783 694 830 diem
740 783 1030 831 Novembris
1077 787 1300 848 proxime

120 863 436 924 insequentiS‚
479 862 706 909 similiter
730 878 787 909 ac
823 863 863 909 si
900 878 1016 910 cum
1056 878 1300 911 consensu

121 948 170 989 et
194 941 548 1005 approbatione
573 941 832 1005 Praepositi
857 942 1040 990 electus
1063 944 1248 992 fuisset.

185 1020 252 1067 Et
298 1036 411 1067 cum
452 1022 503 1067 in
542 1023 702 1085 capite
750 1021 1060 1070 Statutorum
1107 1024 1299 1073 decimo

119 1103 329 1165 septimo
367 1103 613 1164 provisum
646 1103 709 1149 sit
740 1108 795 1150 ut
832 1110 1004 1165 quater
1039 1107 1299 1166 quotannis

121 1181 425 1243 singularum
456 1182 683 1228 classium
708 1182 950 1247 Discipuli
974 1185 1025 1231 in
1050 1186 1162 1233 aula
1185 1202 1300 1234 con-

120 1262 307 1322 gregati
354 1262 712 1316 examinentur,
752 1263 814 1309 ad
844 1263 1091 1326 publicam
1132 1273 1299 1314 autem

121 1340 331 1402 Collegii
366 1342 778 1388 existimationem
815 1345 1069 1406 permagni
1095 1346 1301 1393 interest

119 1426 175 1467 ut
211 1420 580 1482 diligentissime
618 1422 956 1483 exquireretur
986 1425 1035 1470 in
1062 1424 1194 1471 hisce
1220 1440 1299 1472 ex-

120 1500 502 1547 aminationibus
543 1516 688 1562 quem
730 1516 1041 1564 progressum
1068 1504 1118 1549 in
1157 1504 1297 1551 bonis

118 1582 272 1630 literis
297 1583 474 1644 singuli
501 1582 751 1629 studentes
786 1584 1038 1630 fecerunt:
1076 1584 1300 1631 volumus

120 1664 270 1725 igitur
292 1670 349 1710 ut
372 1663 432 1710 ad
456 1679 636 1710 munus
672 1663 801 1710 istud
839 1665 1153 1711 examinandi
1178 1665 1297 1712 obli-

121 1748 299 1805 gentur
322 1758 492 1790 omnes
520 1743 649 1790 Socii
666 1742 698 1789 J
701 1744 914 1799 umores,
936 1745 1035 1791 sive
1054 1744 1295 1793 Doctores

120 1823 220 1869 sive
257 1838 373 1877 non,
402 1829 465 1878 et,
493 1824 532 1869 si
557 1823 607 1869 hi
631 1839 733 1870 non
770 1825 1032 1881 sufficiunt,
1072 1825 1296 1888 Magistri

121 1902 269 1948 etiam
318 1902 368 1946 in
415 1900 636 1963 Collegio
682 1917 928 1950 cameram
974 1904 1292 1968 possidenteS‚

120 1991 206 2031 aut
229 1985 311 2045 qui
336 2000 395 2031 ex
419 1985 477 2030 iis
502 2000 531 2030 a
554 1984 825 2048 Praeposito
850 1993 935 2033 aut
959 2002 1018 2034 eo
1041 1987 1240 2036 absente
1268 2006 1296 2036 a

120 2063 502 2127 Vicepraeposito
532 2065 607 2111 vel
639 2065 932 2114 Praelectore
962 2069 1195 2131 primario
1215 2069 1294 2116 (le-

120 2144 390 2205 signantur.
461 2144 838 2193 Examinatores
862 2148 960 2194 sint
990 2149 1136 2196 etiam
1164 2149 1293 2197 Doc-

119 2229 249 2271 tores
291 2222 624 2288 cujuscunque
648 2224 892 2274 facultatis
917 2228 957 2275 si
990 2229 1136 2277 modo
1179 2232 1292 2294 ipsis
