1504 2501
797 167 888 211 loo

258 294 403 349 Quod
429 295 467 341 si
493 296 575 356 qui
607 296 658 341 in
691 295 911 344 inferiori
939 304 1078 362 parte
1119 298 1297 347 Sacelli
1329 316 1432 347 ma-

253 383 419 431 neant,
465 383 512 422 et
551 376 773 423 Chorum
802 393 902 424 non
936 379 1287 441 ingrediantur,
1325 397 1432 444 per-

251 455 366 502 inde
381 456 665 518 puniantur,
695 471 751 502 ac
776 456 815 502 si
841 456 1066 505 absentes
1090 459 1310 515 fuissent,
1337 459 1432 506 Die

251 543 416 582 autem
451 536 676 592 Veneris,
704 536 822 583 horav
847 539 1014 598 quinta
1040 538 1269 601 (Coenam
1298 541 1431 586 enim

251 616 309 661 ea
344 622 489 662 nocte
525 615 794 677 Nolumus)
841 631 1038 680 semper
1086 618 1432 666 Correctiones

248 711 338 759 per
378 695 608 743 Decanos
654 697 989 753 instituantur,
1040 698 1214 760 quibus
1260 715 1431 746 omnes

248 775 491 840 Discipuli
510 778 749 824 intersint.
821 777 921 834 Qui
941 786 1107 826 autem
1121 779 1236 826 dum
1251 780 1429 826 eaedem

246 868 566 924 peraguntur,
600 863 791 908 nomini
830 863 1160 925 interrogatus
1196 879 1296 910 non
1333 878 1428 910 res—

246 940 490 1003 ponderit,
527 948 576 987 et
609 940 670 987 ad
698 942 847 988 finem
881 957 981 988 non
1011 944 1353 1005 permanserit,
1391 943 1430 987 si

246 1018 457 1074 adultus,
493 1018 697 1065 denario
727 1019 1009 1076 mulctetur,
1043 1022 1080 1066 si
1113 1036 1236 1084 puer
1264 1020 1427 1078 fuerit,

246 1098 449 1146 arbitrio
474 1099 665 1147 Decani
692 1101 969 1163 castigetur.
1042 1101 1239 1149 Deinde
1255 1102 1426 1149 eodem

244 1187 484 1244 tempore,
514 1180 736 1228 Monitor
760 1197 847 1244 per
869 1183 999 1229 vices
1033 1181 1250 1243 qualibet
1285 1183 1429 1245 septi-

243 1263 395 1308 mana
421 1263 751 1309 constituatur
775 1277 803 1308 a
839 1261 1070 1314 Decanis,
1108 1261 1191 1323 qui
1227 1268 1276 1308 et
1306 1260 1428 1307 Bac-

246 1344 604 1398 calaureorum,
633 1350 682 1389 et
707 1335 912 1389 aliorum
940 1342 1310 1406 Discipulorum
1343 1358 1428 1389 no-

243 1426 378 1471 mina
412 1424 582 1471 sedulo
617 1430 770 1477 notet,
810 1430 858 1470 et
905 1424 1096 1484 quoties
1132 1421 1427 1483 deliquerint

245 1505 464 1552 absentia
511 1520 541 1551 a
590 1504 829 1568 precibus,
888 1503 963 1551 vel
1019 1503 1174 1550 aliter.
1258 1503 1425 1564 Aliqui

244 1586 393 1631 etiam
448 1599 475 1630 e
535 1582 852 1631 Scholaribus
906 1584 1287 1640 constituantur,
1342 1584 1426 1643 qui

244 1662 536 1726 dejeranteS,
592 1664 787 1718 otiosos,
845 1678 1127 1710 emansores
1181 1663 1232 1708 in
1286 1661 1422 1718 urbe,

243 1744 476 1798 rixantes,
527 1747 576 1789 et
622 1743 674 1788 in
725 1743 894 1804 ganeis
947 1747 1282 1805 perpotantes,
1340 1747 1425 1788 aut

243 1823 463 1870 moribus
492 1823 660 1884 quovis
691 1822 839 1869 modo
868 1821 1148 1884 Collegium
1183 1821 1422 1868 dehones-

243 1909 423 1960 tantes,
484 1902 546 1949 ad
596 1900 826 1948 Decanos
880 1900 1118 1948 deferant.
1191 1898 1338 1955 Quod
1383 1900 1423 1946 si

244 1984 485 2046 quispiam
555 1981 830 2036 Sociorum,
898 1988 984 2028 aut
1050 1979 1421 2044 Discipulorum

244 2064 566 2124 aegrotaverit,
612 2069 697 2109 aut
737 2062 870 2123 gravi
908 2061 1054 2109 causa
1088 2076 1177 2125 per
1212 2060 1422 2106 alterum

242 2143 560 2189 Decanorum
616 2142 946 2206 approbanda,
1002 2140 1266 2205 impeditus
1319 2139 1424 2186 fue-

244 2226 324 2281 rit,
362 2239 474 2270 eum
512 2224 801 2285 neutiquam
829 2239 919 2287 pro
952 2222 1097 2269 rebus
1129 2218 1420 2283 supradictis
