1458 2455
623 174 684 215 63

483 570 722 619 CAPUT
758 572 819 619 V.

202 801 268 832 DE
296 800 634 834 SCHOLARIBUS
671 802 780 834 SIVE
805 802 1109 836 DISCIPULIS.

67 997 462 1060 RELIQUUM
504 1003 714 1066 Collegii
745 1004 940 1068 Corpus
981 1005 1139 1053 Sociis
1163 1007 1195 1056 J
1201 1024 1248 1054 u-

67 1085 304 1138 nioribus,
346 1091 395 1132 et
422 1083 741 1131 Scholaribus
765 1091 972 1131 constat.
1044 1085 1103 1133 In
1140 1086 1250 1134 Dis-

68 1166 345 1231 cipulorum
381 1164 635 1220 electione,
683 1165 873 1226 quoties
906 1165 1042 1213 locus
1077 1168 1251 1230 aliquis

68 1260 362 1308 quocunque
402 1243 550 1290 modo
596 1245 856 1298 vacaverit,
905 1245 1165 1303 Volumus,
1204 1255 1254 1295 et

72 1327 362 1380 Statuimus‚
426 1332 482 1371 ut
539 1340 569 1370 a
621 1324 907 1388 Praeposito,
968 1333 1017 1373 et
1062 1333 1252 1391 septem

73 1406 377 1462 Senioribus,
405 1412 491 1452 aut
509 1405 684 1452 saltem
708 1403 887 1467 majori
911 1412 1052 1469 parte
1076 1422 1253 1454 eorun-

69 1489 180 1536 dem
207 1487 330 1534 alius
369 1492 526 1550 aptus,
557 1492 607 1532 et
631 1484 807 1531 habilis
831 1486 884 1531 in
907 1485 1072 1533 locum
1113 1503 1257 1536 vacu-

70 1586 154 1617 um
177 1574 471 1616 assumatur.
543 1566 601 1613 In
621 1565 719 1628 qua
744 1565 985 1614 electione
1016 1566 1257 1616 habeatur

71 1651 197 1698 ratio
225 1650 420 1713 inopiae,
447 1648 648 1710 ingenii,
680 1647 931 1703 doctrinae,
968 1648 1177 1701 virtutis,
1209 1656 1258 1695 et

72 1748 167 1794 quo
191 1732 346 1792 magis
371 1730 574 1791 quisque
599 1744 659 1775 ex
683 1728 1020 1790 eligendorum
1045 1744 1257 1777 numero

70 1813 146 1859 his
171 1809 375 1864 excedit,
414 1824 472 1855 eo
497 1808 667 1869 magis,
695 1813 750 1854 ut
784 1822 976 1867 aequum
1015 1814 1101 1862 est,
1140 1824 1258 1870 prae-

71 1892 274 1939 feratur.
346 1889 552 1944 OmneS‚
572 1889 654 1948 qui
680 1886 1045 1950 Discipulatum
1069 1889 1118 1934 in
1145 1889 1257 1937 Col-

71 1972 199 2033 legio
223 1973 412 2033 petunt,
442 1967 501 2014 ab
527 1966 835 2014 Electoribus
857 1966 918 2013 ab
942 1967 1065 2014 hora
1090 1972 1263 2018 octava

75 2050 468 2101 antemeridiana
504 2048 566 2096 ad
591 2048 849 2103 decimam,
889 2054 938 2095 et
961 2047 1021 2095 ab
1045 2048 1165 2096 horsi
1188 2067 1259 2098 se-

76 2132 237 2183 cunda
271 2130 611 2196 pomeridiana
646 2129 708 2176 ad
743 2134 983 2190 quartam,
1023 2147 1112 2193 per
1137 2132 1259 2179 duos

78 2215 180 2263 dies
206 2213 478 2275 diligenter,
507 2209 623 2273 quid
648 2210 698 2256 in
727 2208 1084 2263 Grammatica,
1112 2218 1161 2258 et
1186 2212 1261 2259 lit-
