1458 2455
650 158 709 207 19

91 290 301 345 civitate,
329 287 497 350 burgo,
524 288 624 334 sive
647 286 759 334 villa
795 288 1083 349 quacunque
1122 284 1264 341 infra,

90 383 294 431 regnum
310 373 534 414 nostrum
553 366 801 413 Hiberniae
817 366 1000 413 faciant
1011 381 1097 413 seu
1106 365 1268 413 facere

88 452 478 496 consueverunt:
527 445 772 507 Quodque
818 443 1102 507 hujusmodi
1141 443 1269 491 Bur-

89 542 260 591 genses
296 527 347 573 in
384 524 666 588 hujusmodi
702 526 1032 589 parliamento
1080 529 1265 580 nostro,

90 607 345 665 heredum,
379 613 429 655 et
451 622 789 654 successorum
815 611 1095 652 nostrorum
1116 603 1269 650 habe-

88 688 226 745 bunt,
270 704 414 736 voces
460 703 572 735 suas
617 686 718 734 tam
767 687 1082 734 affirmativas
1123 683 1269 747 quam

89 770 355 834 negativas,
394 783 451 815 ac
487 773 660 815 caetera
691 768 860 814 omnia
895 772 944 813 et
968 765 1160 828 singula
1184 763 1272 810 ibi-

91 849 202 896 dem
234 848 419 896 faciant
455 854 504 894 et
534 854 853 909 exequantur,
894 863 999 908 quae
1024 845 1099 892 vel
1125 850 1272 908 prout

91 929 174 976 alii
210 928 491 990 Bur-genses
524 927 851 973 Parliamenti
875 927 1029 972 nostri
1055 940 1143 988 pro
1168 925 1271 986 qui-

91 1008 377 1069 buscunque
397 1007 504 1054 aliis
521 1007 657 1064 locis,
674 1005 966 1061 civitatibus,
989 1005 1153 1066 burgis
1171 1005 1270 1050 sive

89 1086 229 1142 villis,
249 1093 335 1133 aut
353 1085 448 1132 alio
467 1085 592 1141 loco,
615 1085 828 1141 civitate,
848 1084 1018 1146 burgo,
1035 1084 1135 1129 sive
1160 1082 1273 1129 villa

94 1169 384 1230 quacunque
423 1166 652 1222 habeant,
688 1166 888 1221 saciant,
940 1171 989 1212 et
1029 1179 1274 1225 exequan-

91 1255 185 1304 tur,
219 1254 305 1296 aut
333 1247 531 1303 habere,
561 1247 739 1303 facere,
781 1253 831 1294 et
866 1246 1040 1307 exequi
1076 1243 1274 1290 valeant

92 1337 139 1377 et
174 1331 376 1394 possint,
428 1331 620 1376 ratione
657 1336 743 1376 aut
776 1327 925 1374 modo
961 1339 1268 1388 quocunque.

91 1409 158 1455 Et
175 1407 381 1456 ulterius
407 1409 631 1455 dedimus
657 1416 705 1455 et
732 1407 1079 1460 concessimus,
1108 1419 1165 1451 ac
1183 1419 1272 1467 per

92 1496 355 1553 praesentes
365 1504 452 1552 pro
462 1487 617 1543 nobis,
632 1487 907 1542 heredibus,
928 1485 1274 1533 etsuccessori-

91 1567 180 1614 bus
211 1568 404 1623 nostris,
445 1567 618 1613 damus
651 1574 700 1613 et
724 1565 1040 1612 concedimus
1063 1562 1273 1628 praefatis

92 1650 377 1714 Praeposito,
410 1649 581 1704 SociiS,
610 1654 659 1695 et
687 1645 1003 1694 Scholaribus
1023 1644 1139 1691 dicti
1161 1642 1273 1690 Col-

92 1729 219 1790 legii,
247 1735 296 1775 et
319 1727 680 1775 successoribus
707 1726 820 1781 suiS‚
847 1740 905 1771 ac
930 1725 1077 1771 etiam
1110 1722 1273 1786 praeci-

94 1810 255 1873 pimus
289 1815 337 1855 et
364 1805 572 1854 firmiter
602 1823 691 1870 pro
721 1805 875 1860 nobis,
911 1802 1187 1857 heredibus,
1226 1807 1275 1848 et

93 1888 454 1937 successoribus
489 1887 685 1942 nostris,
716 1885 1009 1932 mandamus
1045 1881 1273 1929 omnibus

92 1968 476 2024 vicecomitibus,
515 1967 779 2023 officiariis,
823 1971 872 2012 et
895 1963 1132 2010 ministris
1162 1977 1271 2008 nos-

93 2053 195 2108 tris,
233 2049 496 2106 haeredum,
536 2054 586 2095 et
619 2061 954 2094 successorum
991 2051 1271 2091 nostrorum

93 2133 479 2196 quibuscunque,
519 2126 779 2176 comitatfis
821 2126 1031 2173 civitatis
1065 2122 1270 2177 Dublin,

95 2214 268 2276 quibus
304 2210 501 2275 aliquod
533 2210 679 2257 breve
710 2215 931 2256 nostrum
969 2207 1068 2252 sive
1103 2203 1273 2250 brevia
