1458 2455
679 178 739 221 85

116 308 262 371 quido
282 306 580 370 constiterit)
599 306 775 353 Tutori
794 322 880 353 suo
897 322 1117 353 annuum
1138 306 1303 354 salari-

117 405 214 444 um,
248 394 395 450 gestae
419 387 580 434 tutelae
616 386 818 433 nomine
854 387 1113 449 persolvat.
1192 388 1302 434 Pla-

116 477 194 516 cet
244 470 459 532 insuper,
498 474 554 514 ut
599 482 747 513 nemo
787 483 876 530 pro
924 468 1126 530 pupillo,
1165 484 1219 515 re
1255 475 1302 515 et

116 555 229 595 actu
261 549 564 604 admittatur,
597 548 880 611 priusquam
916 547 1093 595 Tutori
1114 556 1302 612 partem

116 629 386 684 dimidiam,
426 636 475 675 et
510 630 662 675 annui
702 628 879 675 Salarii
924 644 1012 691 pro
1048 628 1218 685 tutela,
1259 637 1307 675 et

117 725 442 773 expensarum
491 725 579 772 pro
626 709 921 755 communiis
967 708 1304 755 faciendarum

118 792 168 837 in
195 805 396 836 manum
423 787 692 835 tradiderit.
771 786 943 849 Neque
969 787 1208 834 admissus
1233 803 1307 832 re-

119 870 335 916 tineatur
365 867 562 923 diutius,
588 867 683 912 nisi
709 866 888 913 Tutori
913 873 1098 920 caveat,
1121 866 1180 913 de
1206 882 1307 913 cer-

120 950 184 1004 ta,
213 954 262 995 et
286 947 512 1010 expedita
537 945 781 992 solutione
805 945 1099 1001 debitorum,
1123 952 1171 992 et
1196 945 1308 993 Col-

119 1028 247 1090 legio
283 1026 634 1074 debendorum.
713 1025 897 1087 Pupilli
935 1025 1204 1072 Tutoribus
1229 1042 1309 1089 pa-

121 1113 278 1162 reant,
298 1107 635 1166 honoremque
662 1104 897 1158 debitum,
921 1114 969 1151 et
985 1107 1311 1152 reverentiam

128 1187 366 1243 deferant,
395 1202 604 1248 quorum
624 1185 856 1242 studium,
878 1185 1030 1239 labor,
1046 1193 1096 1233 et
1111 1186 1313 1248 diligen-

124 1270 193 1316 tia
218 1269 268 1316 in
294 1268 388 1314 illis
417 1267 476 1314 ad
513 1268 765 1330 pietatem,
800 1272 849 1313 et
872 1268 1125 1313 scientiam
1163 1267 1313 1314 infor·

124 1349 318 1397 mandis
354 1355 622 1412 ponuntur.
696 1347 910 1394 Tutores
946 1363 1048 1408 quae
1081 1346 1315 1394 discenda

125 1439 255 1486 sunt,
285 1430 507 1494 Pupillos
532 1444 644 1475 suos
664 1443 751 1491 per
775 1427 991 1489 singulos
1017 1427 1119 1474 dies
1144 1425 1314 1474 sedulo

126 1512 350 1567 doceant,
385 1526 583 1572 quaeque
609 1510 756 1556 etiam
796 1507 985 1570 agenda
1009 1514 1124 1554 sunt
1148 1524 1315 1555 mone·

128 1599 228 1639 ant.
301 1589 486 1637 Omnia
519 1588 829 1652 Pupillorum
862 1586 1097 1649 cujusque
1122 1590 1315 1649 generis

129 1680 179 1721 et
213 1672 397 1720 ordinis
433 1685 647 1734 expensa
686 1669 900 1715 Tutores
930 1667 1151 1729 Collegio
1196 1684 1316 1730 prae·

130 1759 273 1809 stent,
302 1759 350 1799 et
374 1753 505 1797 intra
537 1750 707 1797 decem
733 1748 836 1795 dies
860 1746 1097 1809 cujusque
1134 1751 1315 1796 mensis

132 1833 271 1886 finiti,
298 1847 359 1877 aes
383 1830 611 1891 {debitum
649 1844 738 1892 pro
782 1843 833 1874 se
869 1834 918 1873 et
953 1828 1051 1873 suis
1087 1829 1314 1877 omnibus

132 1910 332 1976 pupillis
367 1908 603 1955 Bursario
629 1906 833 1961 solvant,
862 1905 991 1966 quod
1017 1907 1068 1952 ni
1089 1905 1309 1964 fecerint,

133 1993 373 2055 tantisper
395 1994 675 2036 commeatu
699 1987 955 2051 priventur
980 1986 1192 2034 Tutores
1213 2004 1313 2034 om-

131 2089 234 2128 neS,
261 2086 362 2119 una
391 2086 503 2118 cum
540 2069 779 2116 universis
813 2068 912 2114 suis
946 2067 1158 2131 pupillis,
1197 2069 1313 2115 dum

137 2155 350 2220 pecunia
379 2153 439 2201 ab
464 2153 580 2217 ipsis
615 2167 704 2216 pro
735 2166 801 2205 se,
838 2157 887 2198 et
921 2151 1123 2214 singulis
1158 2153 1314 2216 pupil-
