1458 2455
665 146 728 198 97

114 274 279 329 Sociis,
306 275 387 334 qui
412 279 461 320 et
489 273 661 320 Senior
686 272 914 320 Decanus
940 272 1278 336 appellabitur,

111 351 248 414 cujus
290 351 498 415 speciale
536 353 746 398 officium
784 353 890 406 erit,
931 352 1284 415 disputationes

113 432 435 495 Theologicas
460 433 730 486 moderari3
756 433 879 480 alter
903 449 929 480 e
953 433 1109 480 Sociis
1145 432 1176 479 J
1180 433 1284 479 uni-

110 511 287 568 oribus,
314 514 395 574 qui
420 513 451 560 J
457 514 599 560 unior
628 513 860 560 Decanus
896 514 1163 569 vocabitur,
1203 515 1285 575 qui

113 589 305 638 Seniori
322 592 513 637 assistat
531 592 580 637 in
599 591 839 648 omnibus,
863 608 968 654 quae
988 592 1048 639 ad
1069 594 1283 640 officium

107 669 298 717 Decani
358 672 621 735 pertinent,
687 671 890 734 excepta
947 671 1286 719 moderatione

109 750 510 814 disputationum.
583 751 776 798 Horum
828 758 993 798 autem
1057 751 1286 799 Officium

110 847 215 878 esse
253 832 510 888 Volumus,
550 831 645 879 Dei
683 833 924 895 imprimis
962 832 1149 879 cultum
1190 832 1284 896 pie,

107 909 349 973 religiose,
378 918 427 958 et
450 911 681 959 decenter
705 911 1044 972 exequendum
1077 928 1282 972 curare3

107 990 287 1045 videre,
315 997 370 1038 ut
387 1007 558 1038 omnes
600 991 742 1047 Socii,
780 991 1038 1055 Discipuli,
1078 993 1283 1040 Pensio-

108 1072 249 1126 narii,
277 1087 334 1117 ac
374 1071 635 1126 SizatoreS‚
673 1071 842 1119 diebus
878 1071 1170 1127 Dominicis,
1209 1075 1285 1122 vel

106 1151 255 1207 festis,
311 1151 536 1214 prechus
586 1158 635 1198 et
675 1152 1008 1207 concionibus,
1053 1168 1145 1199 nec
1182 1169 1284 1200 non

111 1232 274 1280 Sacrae
321 1232 689 1284 Communioni‚
740 1233 930 1293 quoties
975 1232 1281 1291 celebratur3

107 1312 275 1359 diebus
300 1319 462 1359 autem
492 1312 729 1375 profestis,
757 1312 984 1376 precibus
1024 1314 1281 1361 matutinis

106 1400 155 1440 et
169 1394 455 1457 vespertinis
471 1393 529 1440 ad
547 1393 691 1440 horas
710 1395 999 1441 constitutas
1026 1395 1253 1442 intersint
1269 1412 1281 1448 ;

110 1475 295 1531 Socios,
322 1476 361 1522 si
387 1476 468 1536 qui
494 1491 522 1521 a
550 1475 698 1522 Sacro
721 1474 818 1521 Dei
847 1475 982 1522 cultu
1020 1474 1280 1531 abfuerint,

106 1557 373 1604 observare.
447 1556 496 1602 Si
547 1557 652 1617 quis
708 1555 967 1603 Sociorum
1003 1555 1282 1608 Seniorum,

107 1644 193 1684 aut
243 1636 535 1694 Doctorum,
587 1644 672 1684 aut
723 1637 1171 1684 Baccalaureorum
1228 1636 1281 1681 in

111 1715 384 1776 Theologia
409 1716 618 1763 abfuerit
642 1732 672 1763 a
709 1717 934 1780 precibus
969 1715 1279 1771 Solennibus‚

108 1795 278 1842 diebus
330 1795 620 1853 Dominicis,
666 1796 741 1842 vel
783 1796 954 1851 Festis,
998 1795 1073 1842 vel
1111 1811 1283 1843 eorum

109 1875 316 1936 Vigiliis,
343 1876 444 1922 sive
468 1877 529 1922 sit
553 1892 582 1922 a
617 1877 885 1932 matutinis,
924 1878 1023 1923 sive
1054 1880 1282 1940 vesperti-

109 1956 198 2008 nis,
227 1955 460 2017 puniatur
484 1970 512 2000 a
537 1955 822 2017 Praeposito,
851 1956 924 2002 vel
965 1972 1024 2003 eo
1062 1956 1279 2011 absente,

110 2050 137 2079 a
162 2033 563 2096 Vicepraeposito,
591 2050 672 2080 sex
698 2034 924 2091 denariis,
952 2037 1046 2082 nisi
1082 2052 1279 2084 causam

103 2112 285 2175 justam
313 2113 541 2161 absentiae
566 2115 610 2161 ei
635 2114 941 2178 probaverit,
970 2118 1008 2163 si
1034 2119 1140 2178 quis
1164 2134 1280 2165 vero

106 2194 370 2241 Juniorum
430 2194 683 2241 Sociorum
732 2195 806 2242 vel
848 2195 1211 2258 Magistrorum,
1257 2214 1284 2243 a

651 2291 676 2320 F
