<?xml version="1.0" encoding="UTF-8"?>
<!DOCTYPE html PUBLIC "-//W3C//DTD XHTML 1.0 Transitional//EN"
    "http://www.w3.org/TR/xhtml1/DTD/xhtml1-transitional.dtd">
<html xmlns="http://www.w3.org/1999/xhtml" xml:lang="en" lang="en">
 <head>
  <title>
</title>
<meta http-equiv="Content-Type" content="text/html;charset=utf-8" />
  <meta name='ocr-system' content='tesseract 3.04.00' />
  <meta name='ocr-capabilities' content='ocr_page ocr_carea ocr_par ocr_line ocrx_word'/>
</head>
<body>
  <div class='ocr_page' id='page_1' title='image "./chartaeetstatuta00trinuoft_0057.png"; bbox 0 0 1458 2455; ppageno 0'>
   <div class='ocr_carea' id='block_1_1' title="bbox 660 167 719 210">
    <p class='ocr_par' dir='ltr' id='par_1_1' title="bbox 660 167 719 210">
     <span class='ocr_line' id='line_1_1' title="bbox 660 167 719 210; baseline 0 0"><span class='ocrx_word' id='word_1_1' title='bbox 660 167 719 210; x_wconf 80' lang='lat'>41</span> 
     </span>
    </p>
   </div>
   <div class='ocr_carea' id='block_1_2' title="bbox 101 294 1290 2278">
    <p class='ocr_par' dir='ltr' id='par_1_2' title="bbox 101 294 1290 2278">
     <span class='ocr_line' id='line_1_2' title="bbox 103 294 1279 359; baseline -0.003 -14"><span class='ocrx_word' id='word_1_2' title='bbox 103 300 255 345; x_wconf 81' lang='lat' dir='ltr'>nostri</span> <span class='ocrx_word' id='word_1_3' title='bbox 284 297 548 351; x_wconf 87' lang='lat' dir='ltr'>Hiberniae,</span> <span class='ocrx_word' id='word_1_4' title='bbox 578 296 638 343; x_wconf 90' lang='lat' dir='ltr'>de</span> <span class='ocrx_word' id='word_1_5' title='bbox 664 295 838 342; x_wconf 63' lang='lat' dir='ltr'>Gratia</span> <span class='ocrx_word' id='word_1_6' title='bbox 864 294 1033 342; x_wconf 68' lang='lat' dir='ltr'>nostrii,</span> <span class='ocrx_word' id='word_1_7' title='bbox 1062 295 1279 359; x_wconf 86' lang='lat' dir='ltr'>speciali,</span> 
     </span>
     <span class='ocr_line' id='line_1_3' title="bbox 101 375 1283 431; baseline -0.005 -6"><span class='ocrx_word' id='word_1_8' title='bbox 101 395 158 425; x_wconf 88' lang='lat' dir='ltr'>ac</span> <span class='ocrx_word' id='word_1_9' title='bbox 182 394 241 425; x_wconf 83' lang='lat' dir='ltr'>ex</span> <span class='ocrx_word' id='word_1_10' title='bbox 266 377 399 424; x_wconf 68' lang='lat' dir='ltr'>certa</span> <span class='ocrx_word' id='word_1_11' title='bbox 426 375 655 431; x_wconf 60' lang='lat' dir='ltr'>Scientia„</span> <span class='ocrx_word' id='word_1_12' title='bbox 679 390 737 422; x_wconf 86' lang='lat' dir='ltr'>ac</span> <span class='ocrx_word' id='word_1_13' title='bbox 762 390 899 421; x_wconf 85' lang='lat' dir='ltr'>mero</span> <span class='ocrx_word' id='word_1_14' title='bbox 926 375 1069 422; x_wconf 90' lang='lat' dir='ltr'>Motu</span> <span class='ocrx_word' id='word_1_15' title='bbox 1088 376 1283 428; x_wconf 85' lang='lat' dir='ltr'>nostris,</span> 
     </span>
     <span class='ocr_line' id='line_1_4' title="bbox 104 454 1284 520; baseline -0.002 -17"><span class='ocrx_word' id='word_1_16' title='bbox 104 457 343 511; x_wconf 87' lang='lat' dir='ltr'>volumus,</span> <span class='ocrx_word' id='word_1_17' title='bbox 406 473 464 503; x_wconf 87' lang='lat' dir='ltr'>ac</span> <span class='ocrx_word' id='word_1_18' title='bbox 516 472 606 520; x_wconf 87' lang='lat' dir='ltr'>pro</span> <span class='ocrx_word' id='word_1_19' title='bbox 669 454 838 507; x_wconf 84' lang='lat' dir='ltr'>Nobis,</span> <span class='ocrx_word' id='word_1_20' title='bbox 888 454 1183 511; x_wconf 77' lang='lat' dir='ltr'>Heredibus‚</span> <span class='ocrx_word' id='word_1_21' title='bbox 1234 462 1284 501; x_wconf 89' lang='lat' dir='ltr'>et</span> 
     </span>
     <span class='ocr_line' id='line_1_5' title="bbox 105 534 1282 597; baseline -0.002 -14"><span class='ocrx_word' id='word_1_22' title='bbox 105 534 475 583; x_wconf 78' lang='lat' dir='ltr'>Successoribus</span> <span class='ocrx_word' id='word_1_23' title='bbox 520 535 715 589; x_wconf 87' lang='lat' dir='ltr'>nostris,</span> <span class='ocrx_word' id='word_1_24' title='bbox 769 534 941 581; x_wconf 89' lang='lat' dir='ltr'>iisdem</span> <span class='ocrx_word' id='word_1_25' title='bbox 994 534 1282 597; x_wconf 58' lang='lat' dir='ltr'>Praeposito,</span> 
     </span>
     <span class='ocr_line' id='line_1_6' title="bbox 105 614 1282 673; baseline -0.003 -9"><span class='ocrx_word' id='word_1_26' title='bbox 105 618 273 673; x_wconf 82' lang='lat' dir='ltr'>Sociis,</span> <span class='ocrx_word' id='word_1_27' title='bbox 335 624 384 664; x_wconf 84' lang='lat' dir='ltr'>et</span> <span class='ocrx_word' id='word_1_28' title='bbox 447 616 777 670; x_wconf 86' lang='lat' dir='ltr'>Scholaribus‚</span> <span class='ocrx_word' id='word_1_29' title='bbox 822 621 871 661; x_wconf 90' lang='lat' dir='ltr'>et</span> <span class='ocrx_word' id='word_1_30' title='bbox 918 614 1282 661; x_wconf 83' lang='lat' dir='ltr'>successoribus</span> 
     </span>
     <span class='ocr_line' id='line_1_7' title="bbox 102 695 1280 758; baseline -0.003 -15"><span class='ocrx_word' id='word_1_31' title='bbox 102 699 215 752; x_wconf 87' lang='lat' dir='ltr'>suis,</span> <span class='ocrx_word' id='word_1_32' title='bbox 282 696 535 743; x_wconf 81' lang='lat' dir='ltr'>licentiam</span> <span class='ocrx_word' id='word_1_33' title='bbox 601 695 776 742; x_wconf 89' lang='lat' dir='ltr'>damus</span> <span class='ocrx_word' id='word_1_34' title='bbox 839 710 928 757; x_wconf 89' lang='lat' dir='ltr'>per</span> <span class='ocrx_word' id='word_1_35' title='bbox 989 701 1280 758; x_wconf 73' lang='lat' dir='ltr'>praesentes:</span> 
     </span>
     <span class='ocr_line' id='line_1_8' title="bbox 103 774 1285 839; baseline -0.004 -14"><span class='ocrx_word' id='word_1_36' title='bbox 103 777 250 833; x_wconf 86' lang='lat' dir='ltr'>Quod</span> <span class='ocrx_word' id='word_1_37' title='bbox 296 778 446 824; x_wconf 89' lang='lat' dir='ltr'>iidem</span> <span class='ocrx_word' id='word_1_38' title='bbox 492 776 802 839; x_wconf 87' lang='lat' dir='ltr'>Praepositus,</span> <span class='ocrx_word' id='word_1_39' title='bbox 846 776 991 831; x_wconf 82' lang='lat' dir='ltr'>Socii,</span> <span class='ocrx_word' id='word_1_40' title='bbox 1040 782 1089 822; x_wconf 87' lang='lat' dir='ltr'>et</span> <span class='ocrx_word' id='word_1_41' title='bbox 1136 774 1285 821; x_wconf 86' lang='lat' dir='ltr'>Scho-</span> 
     </span>
     <span class='ocr_line' id='line_1_9' title="bbox 101 853 1283 912; baseline -0.003 -9"><span class='ocrx_word' id='word_1_42' title='bbox 101 857 242 912; x_wconf 84' lang='lat' dir='ltr'>lares,</span> <span class='ocrx_word' id='word_1_43' title='bbox 265 864 315 903; x_wconf 88' lang='lat' dir='ltr'>et</span> <span class='ocrx_word' id='word_1_44' title='bbox 337 857 654 903; x_wconf 84' lang='lat' dir='ltr'>Successores</span> <span class='ocrx_word' id='word_1_45' title='bbox 670 856 762 910; x_wconf 86' lang='lat' dir='ltr'>sui,</span> <span class='ocrx_word' id='word_1_46' title='bbox 783 855 1062 910; x_wconf 89' lang='lat' dir='ltr'>Manneria,</span> <span class='ocrx_word' id='word_1_47' title='bbox 1083 853 1283 909; x_wconf 85' lang='lat' dir='ltr'>Terras,</span> 
     </span>
     <span class='ocr_line' id='line_1_10' title="bbox 104 934 1288 995; baseline -0.003 -12"><span class='ocrx_word' id='word_1_48' title='bbox 104 937 432 991; x_wconf 90' lang='lat' dir='ltr'>Tenementa‚</span> <span class='ocrx_word' id='word_1_49' title='bbox 495 941 545 982; x_wconf 88' lang='lat' dir='ltr'>et</span> <span class='ocrx_word' id='word_1_50' title='bbox 599 934 1022 981; x_wconf 87' lang='lat' dir='ltr'>Haereditamenta</span> <span class='ocrx_word' id='word_1_51' title='bbox 1067 949 1288 995; x_wconf 86' lang='lat' dir='ltr'>quaecun-</span> 
     </span>
     <span class='ocr_line' id='line_1_11' title="bbox 104 1014 1284 1078; baseline -0.004 -15"><span class='ocrx_word' id='word_1_52' title='bbox 104 1032 213 1077; x_wconf 85' lang='lat' dir='ltr'>que,</span> <span class='ocrx_word' id='word_1_53' title='bbox 265 1014 604 1078; x_wconf 86' lang='lat' dir='ltr'>cujuscunque</span> <span class='ocrx_word' id='word_1_54' title='bbox 654 1015 753 1059; x_wconf 86' lang='lat' dir='ltr'>sint</span> <span class='ocrx_word' id='word_1_55' title='bbox 810 1015 1018 1075; x_wconf 84' lang='lat' dir='ltr'>generis,</span> <span class='ocrx_word' id='word_1_56' title='bbox 1077 1020 1284 1068; x_wconf 78' lang='lat' dir='ltr'>naturae,</span> 
     </span>
     <span class='ocr_line' id='line_1_12' title="bbox 104 1093 1288 1160; baseline -0.002 -17"><span class='ocrx_word' id='word_1_57' title='bbox 104 1097 203 1143; x_wconf 85' lang='lat' dir='ltr'>sive</span> <span class='ocrx_word' id='word_1_58' title='bbox 228 1096 429 1160; x_wconf 89' lang='lat' dir='ltr'>speciei,</span> <span class='ocrx_word' id='word_1_59' title='bbox 461 1102 565 1142; x_wconf 90' lang='lat' dir='ltr'>tam</span> <span class='ocrx_word' id='word_1_60' title='bbox 599 1094 659 1141; x_wconf 88' lang='lat' dir='ltr'>de</span> <span class='ocrx_word' id='word_1_61' title='bbox 694 1093 866 1150; x_wconf 91' lang='lat' dir='ltr'>Nobis,</span> <span class='ocrx_word' id='word_1_62' title='bbox 904 1093 1200 1151; x_wconf 86' lang='lat' dir='ltr'>Heredibus,</span> <span class='ocrx_word' id='word_1_63' title='bbox 1239 1101 1288 1141; x_wconf 88' lang='lat' dir='ltr'>et</span> 
     </span>
     <span class='ocr_line' id='line_1_13' title="bbox 108 1174 1288 1235; baseline -0.003 -12"><span class='ocrx_word' id='word_1_64' title='bbox 108 1175 478 1223; x_wconf 78' lang='lat' dir='ltr'>Successoribus</span> <span class='ocrx_word' id='word_1_65' title='bbox 503 1176 697 1229; x_wconf 88' lang='lat' dir='ltr'>nostris,</span> <span class='ocrx_word' id='word_1_66' title='bbox 727 1190 874 1235; x_wconf 87' lang='lat' dir='ltr'>quam</span> <span class='ocrx_word' id='word_1_67' title='bbox 903 1174 964 1221; x_wconf 91' lang='lat' dir='ltr'>de</span> <span class='ocrx_word' id='word_1_68' title='bbox 992 1174 1156 1235; x_wconf 70' lang='lat' dir='ltr'>aliqua</span> <span class='ocrx_word' id='word_1_69' title='bbox 1194 1174 1288 1220; x_wconf 65' lang='lat' dir='ltr'>alia</span> 
     </span>
     <span class='ocr_line' id='line_1_14' title="bbox 103 1255 1286 1317; baseline -0.002 -15"><span class='ocrx_word' id='word_1_70' title='bbox 103 1256 323 1303; x_wconf 70' lang='lat' dir='ltr'>Persona</span> <span class='ocrx_word' id='word_1_71' title='bbox 342 1257 417 1303; x_wconf 93' lang='lat' dir='ltr'>vel</span> <span class='ocrx_word' id='word_1_72' title='bbox 439 1256 671 1303; x_wconf 86' lang='lat' dir='ltr'>Personis</span> <span class='ocrx_word' id='word_1_73' title='bbox 691 1255 1080 1317; x_wconf 82' lang='lat' dir='ltr'>quibuscunque,</span> <span class='ocrx_word' id='word_1_74' title='bbox 1103 1255 1286 1301; x_wconf 89' lang='lat' dir='ltr'>eisdem</span> 
     </span>
     <span class='ocr_line' id='line_1_15' title="bbox 105 1333 1286 1398; baseline -0.001 -17"><span class='ocrx_word' id='word_1_75' title='bbox 105 1334 393 1398; x_wconf 70' lang='lat' dir='ltr'>Praeposito,</span> <span class='ocrx_word' id='word_1_76' title='bbox 429 1334 597 1388; x_wconf 86' lang='lat' dir='ltr'>Sociis,</span> <span class='ocrx_word' id='word_1_77' title='bbox 627 1341 677 1380; x_wconf 93' lang='lat' dir='ltr'>et</span> <span class='ocrx_word' id='word_1_78' title='bbox 714 1334 1044 1388; x_wconf 75' lang='lat' dir='ltr'>Scholaribus,</span> <span class='ocrx_word' id='word_1_79' title='bbox 1081 1342 1130 1380; x_wconf 83' lang='lat' dir='ltr'>et</span> <span class='ocrx_word' id='word_1_80' title='bbox 1171 1333 1286 1380; x_wconf 85' lang='lat' dir='ltr'>Suc·</span> 
     </span>
     <span class='ocr_line' id='line_1_16' title="bbox 103 1412 1290 1477; baseline -0.002 -17"><span class='ocrx_word' id='word_1_81' title='bbox 103 1414 376 1461; x_wconf 86' lang='lat' dir='ltr'>cessoribus</span> <span class='ocrx_word' id='word_1_82' title='bbox 400 1415 500 1460; x_wconf 88' lang='lat' dir='ltr'>suis</span> <span class='ocrx_word' id='word_1_83' title='bbox 524 1414 575 1459; x_wconf 90' lang='lat' dir='ltr'>in</span> <span class='ocrx_word' id='word_1_84' title='bbox 595 1420 891 1477; x_wconf 86' lang='lat' dir='ltr'>perpetuum</span> <span class='ocrx_word' id='word_1_85' title='bbox 914 1412 976 1459; x_wconf 88' lang='lat' dir='ltr'>ad</span> <span class='ocrx_word' id='word_1_86' title='bbox 999 1413 1290 1459; x_wconf 77' lang='lat' dir='ltr'>Sustentati-</span> 
     </span>
     <span class='ocr_line' id='line_1_17' title="bbox 105 1492 1288 1556; baseline -0.003 -15"><span class='ocrx_word' id='word_1_87' title='bbox 105 1510 251 1541; x_wconf 89' lang='lat' dir='ltr'>onem</span> <span class='ocrx_word' id='word_1_88' title='bbox 278 1501 327 1541; x_wconf 88' lang='lat' dir='ltr'>et</span> <span class='ocrx_word' id='word_1_89' title='bbox 352 1494 787 1541; x_wconf 88' lang='lat' dir='ltr'>Manutentionem</span> <span class='ocrx_word' id='word_1_90' title='bbox 814 1493 1025 1554; x_wconf 84' lang='lat' dir='ltr'>Collegii</span> <span class='ocrx_word' id='word_1_91' title='bbox 1050 1492 1288 1556; x_wconf 80' lang='lat' dir='ltr'>praedicti,</span> 
     </span>
     <span class='ocr_line' id='line_1_18' title="bbox 105 1574 1290 1622; baseline -0.001 -1"><span class='ocrx_word' id='word_1_92' title='bbox 105 1581 154 1621; x_wconf 91' lang='lat' dir='ltr'>et</span> <span class='ocrx_word' id='word_1_93' title='bbox 178 1574 239 1621; x_wconf 88' lang='lat' dir='ltr'>ad.</span> <span class='ocrx_word' id='word_1_94' title='bbox 264 1574 570 1622; x_wconf 86' lang='lat' dir='ltr'>Relevamen</span> <span class='ocrx_word' id='word_1_95' title='bbox 596 1581 645 1621; x_wconf 89' lang='lat' dir='ltr'>et</span> <span class='ocrx_word' id='word_1_96' title='bbox 673 1574 1092 1621; x_wconf 86' lang='lat' dir='ltr'>Sustentationem</span> <span class='ocrx_word' id='word_1_97' title='bbox 1114 1589 1290 1621; x_wconf 88' lang='lat' dir='ltr'>eorun-</span> 
     </span>
     <span class='ocr_line' id='line_1_19' title="bbox 105 1653 1289 1719; baseline -0.004 -16"><span class='ocrx_word' id='word_1_98' title='bbox 105 1656 217 1703; x_wconf 87' lang='lat' dir='ltr'>dem</span> <span class='ocrx_word' id='word_1_99' title='bbox 251 1656 522 1719; x_wconf 85' lang='lat' dir='ltr'>Praepositi,</span> <span class='ocrx_word' id='word_1_100' title='bbox 578 1655 852 1709; x_wconf 83' lang='lat' dir='ltr'>Sociorum,</span> <span class='ocrx_word' id='word_1_101' title='bbox 888 1662 937 1701; x_wconf 91' lang='lat' dir='ltr'>et</span> <span class='ocrx_word' id='word_1_102' title='bbox 979 1653 1289 1701; x_wconf 86' lang='lat' dir='ltr'>Scholarium</span> 
     </span>
     <span class='ocr_line' id='line_1_20' title="bbox 106 1735 1288 1798; baseline -0.003 -16"><span class='ocrx_word' id='word_1_103' title='bbox 106 1735 326 1797; x_wconf 89' lang='lat' dir='ltr'>ejusdem</span> <span class='ocrx_word' id='word_1_104' title='bbox 352 1736 578 1798; x_wconf 83' lang='lat' dir='ltr'>Collegii‚</span> <span class='ocrx_word' id='word_1_105' title='bbox 608 1743 658 1783; x_wconf 93' lang='lat' dir='ltr'>et</span> <span class='ocrx_word' id='word_1_106' title='bbox 699 1738 1046 1783; x_wconf 65' lang='lat' dir='ltr'>successorum</span> <span class='ocrx_word' id='word_1_107' title='bbox 1085 1749 1288 1780; x_wconf 89' lang='lat' dir='ltr'>suorum</span> 
     </span>
     <span class='ocr_line' id='line_1_21' title="bbox 108 1813 1290 1878; baseline -0.001 -17"><span class='ocrx_word' id='word_1_108' title='bbox 108 1815 262 1877; x_wconf 85' lang='lat' dir='ltr'>(ultra</span> <span class='ocrx_word' id='word_1_109' title='bbox 294 1815 530 1878; x_wconf 76' lang='lat' dir='ltr'>praedicta</span> <span class='ocrx_word' id='word_1_110' title='bbox 565 1816 845 1870; x_wconf 87' lang='lat' dir='ltr'>Manneria,</span> <span class='ocrx_word' id='word_1_111' title='bbox 885 1814 1086 1872; x_wconf 85' lang='lat' dir='ltr'>Terras,</span> <span class='ocrx_word' id='word_1_112' title='bbox 1128 1813 1290 1860; x_wconf 86' lang='lat' dir='ltr'>Tene-</span> 
     </span>
     <span class='ocr_line' id='line_1_22' title="bbox 106 1895 1289 1950; baseline 0.001 -9"><span class='ocrx_word' id='word_1_113' title='bbox 106 1902 290 1950; x_wconf 89' lang='lat' dir='ltr'>menta,</span> <span class='ocrx_word' id='word_1_114' title='bbox 313 1902 362 1942; x_wconf 91' lang='lat' dir='ltr'>et</span> <span class='ocrx_word' id='word_1_115' title='bbox 382 1895 810 1943; x_wconf 82' lang='lat' dir='ltr'>Haereditamenta</span> <span class='ocrx_word' id='word_1_116' title='bbox 831 1895 892 1941; x_wconf 88' lang='lat' dir='ltr'>ad</span> <span class='ocrx_word' id='word_1_117' title='bbox 912 1911 1134 1942; x_wconf 88' lang='lat' dir='ltr'>annuum</span> <span class='ocrx_word' id='word_1_118' title='bbox 1161 1895 1289 1942; x_wconf 85' lang='lat' dir='ltr'>valo-</span> 
     </span>
     <span class='ocr_line' id='line_1_23' title="bbox 108 1974 1290 2036; baseline -0.001 -15"><span class='ocrx_word' id='word_1_119' title='bbox 108 1990 211 2022; x_wconf 88' lang='lat' dir='ltr'>rem</span> <span class='ocrx_word' id='word_1_120' title='bbox 242 1974 604 2036; x_wconf 83' lang='lat' dir='ltr'>quadringenta</span> <span class='ocrx_word' id='word_1_121' title='bbox 634 1976 872 2022; x_wconf 88' lang='lat' dir='ltr'>librarum</span> <span class='ocrx_word' id='word_1_122' title='bbox 903 1977 953 2021; x_wconf 91' lang='lat' dir='ltr'>in</span> <span class='ocrx_word' id='word_1_123' title='bbox 990 1974 1174 2022; x_wconf 89' lang='lat' dir='ltr'>eisdem</span> <span class='ocrx_word' id='word_1_124' title='bbox 1210 1974 1290 2021; x_wconf 84' lang='lat' dir='ltr'>Li-</span> 
     </span>
     <span class='ocr_line' id='line_1_24' title="bbox 107 2054 1290 2117; baseline -0.002 -16"><span class='ocrx_word' id='word_1_125' title='bbox 107 2055 227 2101; x_wconf 87' lang='lat' dir='ltr'>teris</span> <span class='ocrx_word' id='word_1_126' title='bbox 256 2054 539 2117; x_wconf 85' lang='lat' dir='ltr'>patentibus</span> <span class='ocrx_word' id='word_1_127' title='bbox 562 2054 805 2117; x_wconf 77' lang='lat' dir='ltr'>praedictae</span> <span class='ocrx_word' id='word_1_128' title='bbox 828 2070 988 2117; x_wconf 88' lang='lat' dir='ltr'>nuper</span> <span class='ocrx_word' id='word_1_129' title='bbox 1012 2054 1211 2115; x_wconf 70' lang='lat' dir='ltr'>Reginae</span> <span class='ocrx_word' id='word_1_130' title='bbox 1236 2059 1290 2100; x_wconf 89' lang='lat' dir='ltr'>ut</span> 
     </span>
     <span class='ocr_line' id='line_1_25' title="bbox 107 2134 1287 2199; baseline 0.001 -19"><span class='ocrx_word' id='word_1_131' title='bbox 107 2134 366 2198; x_wconf 74' lang='lat' dir='ltr'>praefertur</span> <span class='ocrx_word' id='word_1_132' title='bbox 400 2135 733 2197; x_wconf 83' lang='lat' dir='ltr'>mentionata)</span> <span class='ocrx_word' id='word_1_133' title='bbox 767 2135 1067 2199; x_wconf 89' lang='lat' dir='ltr'>perquirere,</span> <span class='ocrx_word' id='word_1_134' title='bbox 1095 2150 1287 2198; x_wconf 85' lang='lat' dir='ltr'>capere,</span> 
     </span>
     <span class='ocr_line' id='line_1_26' title="bbox 107 2214 1290 2278; baseline -0.001 -17"><span class='ocrx_word' id='word_1_135' title='bbox 107 2221 156 2261; x_wconf 87' lang='lat' dir='ltr'>et</span> <span class='ocrx_word' id='word_1_136' title='bbox 179 2215 399 2277; x_wconf 90' lang='lat' dir='ltr'>recipere</span> <span class='ocrx_word' id='word_1_137' title='bbox 414 2214 623 2270; x_wconf 87' lang='lat' dir='ltr'>valeant,</span> <span class='ocrx_word' id='word_1_138' title='bbox 647 2222 696 2261; x_wconf 90' lang='lat' dir='ltr'>et</span> <span class='ocrx_word' id='word_1_139' title='bbox 720 2216 922 2278; x_wconf 85' lang='lat' dir='ltr'>possint.</span> <span class='ocrx_word' id='word_1_140' title='bbox 994 2214 1070 2262; x_wconf 83' lang='lat' dir='ltr'>Ita</span> <span class='ocrx_word' id='word_1_141' title='bbox 1105 2221 1290 2269; x_wconf 83' lang='lat' dir='ltr'>tamen,</span> 
     </span>
    </p>
   </div>
  </div>
 </body>
</html>
