1504 2501
760 90 824 141 70

721 173 738 196 1·

202 224 269 286 (si
292 222 460 286 plures
485 222 602 283 sint)
621 219 770 283 juxta
805 221 1046 274 ordinem,
1083 227 1133 268 et
1163 222 1386 285 priorita-

199 310 300 349 tem
329 301 522 364 gradsoe,
551 308 637 349 aut
670 303 968 351 senioritatis
1007 303 1060 349 in
1098 303 1385 358 Academia,

200 383 546 429 constituatur.
616 381 684 428 Et
711 382 843 430 hanc
866 383 1066 445 quidem
1089 383 1310 445 regulam
1336 384 1387 429 in

199 463 485 527 Discipulis‚
533 463 886 518 Pensionariis‚
917 470 966 511 et
1002 463 1110 510 aliis
1159 462 1388 510 omnibus

201 544 450 592 observari
470 543 731 600 Volumus,
749 549 805 590 ut
822 559 1002 608 nempe
1016 541 1187 606 junior
1206 543 1389 589 seniori

200 623 475 671 secundum
530 624 885 679 senioritatem,
943 640 1092 685 quam
1135 623 1286 670 habet
1335 623 1387 668 in

200 704 309 760 hac,
336 703 414 751 vel
429 704 612 750 utravis
627 703 900 751 Academia
915 703 1208 766 Anglicana,
1230 703 1387 758 cedat,

202 783 431 832 omnibus
458 785 509 830 in
538 784 660 830 locis
685 783 1074 846 quibuscumque
1112 783 1392 830 conversari

202 865 477 927 contigerit,
513 864 608 910 nisi
634 863 913 910 differentia
935 863 1114 925 gradus
1138 862 1391 926 impediat,

201 945 278 993 vel
290 944 557 1009 disputatio
575 960 664 1008 pro
686 944 843 1005 gradu
857 945 907 990 in
920 944 1127 1008 publicis
1146 942 1390 991 Comitiis.

204 1026 458 1082 Quoniam
481 1031 652 1072 tamen
676 1026 760 1087 qui
784 1025 813 1074 J
818 1026 1005 1072 unioris
1034 1025 1167 1073 Socii
1185 1039 1392 1072 munere

203 1105 387 1153 diutius
411 1105 610 1152 functus
637 1112 724 1162 est,
752 1121 811 1153 eo
851 1107 1007 1169 magis
1044 1106 1251 1154 idoneus
1287 1106 1395 1154 red-

203 1185 363 1241 datur,
392 1185 455 1232 ad
473 1183 633 1247 majus
670 1185 792 1233 illud
833 1185 1054 1234 Senioris
1091 1185 1392 1241 obeundum,

206 1265 467 1321 Vqumus‚
495 1272 550 1312 ut
574 1267 624 1312 in
651 1265 841 1323 ordine,
865 1267 927 1314 ad
951 1267 1118 1315 locum
1154 1267 1393 1323 Senioris‚

205 1361 232 1392 e
245 1344 527 1407 junioribus
566 1347 782 1394 maxime
820 1348 987 1394 senior
1012 1347 1286 1395 secundum
1312 1346 1393 1394 ad-

207 1428 494 1473 missionem
544 1427 595 1472 in
647 1426 949 1475 Societatem
997 1428 1301 1492 praeferatur‚
1354 1428 1395 1473 si

208 1514 382 1554 caetera
406 1507 582 1569 dignus
607 1508 683 1554 sit.
741 1508 773 1555 J
778 1525 833 1555 us
861 1508 1121 1556 Sociorum
1147 1511 1397 1557 retineant

208 1602 380 1633 omnes
428 1588 753 1650 imposterum
793 1588 1086 1636 admittendi
1127 1591 1180 1636 in
1224 1590 1398 1638 Socios

208 1666 356 1728 hujus
391 1666 696 1714 fundationis
720 1668 930 1716 durante
949 1669 1048 1716 vita
1072 1671 1302 1725 naturali,
1341 1673 1399 1718 iis

208 1747 573 1795 conditionibus
621 1750 864 1811 praestitis,
915 1766 1022 1812 quae
1066 1766 1156 1814 per
1199 1751 1399 1799 Statuta

208 1829 543 1889 requiruntur.
583 1828 836 1884 Quoniam
856 1846 972 1877 vero
997 1832 1395 1895 praesumendum

209 1916 296 1963 est,
327 1925 426 1964 eos,
468 1911 552 1972 qui
588 1910 862 1958 secundum
899 1919 1115 1960 veterem
1156 1913 1397 1961 Chartam

209 1989 409 2035 admissi
433 2005 574 2052 paene
599 1990 661 2037 ad
685 1993 956 2039 terminum
976 1992 1042 2039 ibi
1067 1994 1397 2056 praestitutum

208 2083 493 2132 pervenere,
513 2070 675 2118 alieno
684 2069 790 2133 jam
806 2072 974 2119 animo
990 2088 1094 2120 esse
1110 2088 1140 2119 a
1155 2072 1394 2134 Collegio‚

210 2154 259 2194 et
290 2146 420 2202 alibi,
460 2150 513 2194 ni
541 2149 631 2196 sibi
668 2151 928 2207 defuerint,
963 2152 1129 2200 sedem
1164 2153 1360 2216 parasse
1378 2172 1394 2212 3

212 2227 472 2282 Nolumus,
501 2234 556 2274 ut
580 2230 618 2274 si
645 2232 723 2290 qui
752 2232 866 2290 sint,
905 2234 987 2293 qui
1029 2233 1342 2297 septennium
1368 2249 1398 2281 a
