1458 2455
640 180 703 225 53

85 317 206 362 riam
218 312 572 378 prosequimur,
588 309 919 374 patrocinium
930 306 1047 355 dicti
1057 304 1268 367 Collegii

85 398 135 443 in
159 395 262 442 Nos
287 393 593 456 suscipimus,
619 396 669 438 et
700 389 1123 437 conservationem
1143 385 1268 448 juri-

85 492 169 523 um
195 473 296 536 ejus
336 472 648 537 spondemus.
719 470 786 517 Et
810 470 1043 532 quoniam
1069 467 1131 515 ad
1156 483 1270 514 con·

86 555 413 603 servationem
453 550 788 615 cujuscunque
816 549 1094 601 Societatis‚
1132 547 1270 594 bonae

88 638 244 701 Leges
263 652 352 701 pro
377 635 548 683 eadem
566 635 647 698 pie
666 640 715 681 et
731 633 940 680 feliciter
954 628 1273 693 gubernanda

89 721 272 784 primas
302 722 504 776 tenent3
535 715 734 763 Statuta
766 718 948 768 autem,
977 726 1084 772 quae
1108 709 1272 755 hacte-

90 815 182 847 nus
218 798 539 846 obtinuerunt
575 796 627 841 in
664 793 903 855 Collegio,
944 792 1068 838 etin
1106 788 1273 835 multis

92 879 255 926 minus
282 882 418 923 recta
446 881 494 922 et
525 871 847 921 accommoda
870 870 1085 924 fuerunt,
1114 874 1163 915 et
1187 883 1273 931 pa-

92 974 202 1006 rum
240 954 381 1004 firmz‘i
426 955 725 1001 authoritate
772 952 980 1004 munita,
1014 955 1162 1013 prout
1200 963 1276 994 res

94 1041 200 1103 ipsa
223 1037 439 1099 loquitur
456 1055 468 1094 3
487 1034 598 1081 ideo
621 1033 724 1080 Nos
743 1048 802 1080 ea
820 1029 1122 1078 recensenda
1140 1043 1278 1075 man-

95 1119 331 1173 davimus
372 1122 421 1163 et
445 1114 617 1162 eadem
655 1115 724 1161 sic
760 1113 1008 1174 castigata,
1036 1117 1085 1157 et
1109 1111 1160 1156 in
1185 1109 1279 1156 for-

95 1213 227 1246 mam
249 1195 458 1250 redacta,
485 1194 803 1241 Authoritate
826 1192 985 1255 Regia
1009 1192 1277 1246 munimus,

96 1276 390 1326 mandantes
414 1273 584 1330 Vobis,
614 1279 663 1320 et
688 1270 1058 1320 Successoribus
1090 1270 1278 1329 vestris,

96 1358 230 1405 hisce
257 1354 468 1403 Statutis
492 1353 682 1401 Nostris
706 1368 795 1416 per
819 1367 966 1399 omne
989 1366 1142 1397 aevum
1170 1349 1283 1396 obe-

100 1437 217 1492 dire,
245 1436 337 1482 nisi
363 1450 452 1498 pro
476 1439 757 1497 tempormn
789 1432 982 1478 ratione
1007 1431 1164 1477 visum
1190 1431 1284 1477 erit

103 1517 270 1572 Nobis,
314 1515 391 1562 vel
430 1513 806 1561 Successoribus
847 1511 1052 1569 Nostris,
1100 1511 1285 1573 aliquid

104 1596 334 1660 adjicere,
361 1594 551 1650 tollere,
578 1593 655 1641 vel
679 1599 889 1648 mutare,
928 1598 1013 1639 aut
1031 1593 1081 1638 in
1116 1591 1285 1652 aliqui-

101 1680 189 1726 bus
214 1678 511 1741 dispensare,
536 1690 637 1722 non
675 1672 980 1721 obstantibus
1015 1672 1149 1718 hisce
1178 1671 1285 1718 Sta-

103 1759 221 1805 tutis
266 1757 459 1804 nostris.
539 1755 709 1802 Tenor
754 1759 920 1800 autem
975 1751 1284 1800 Statutorum

105 1837 398 1886 Nostrorum
423 1841 496 1883 est
518 1841 574 1882 ut
596 1834 830 1897 sequitur.
