1458 2455
631 186 694 237 79

80 317 155 364 vel
209 315 521 377 negotiorum
570 317 859 377 praetextum
899 312 1140 367 sufficere,
1174 326 1272 372 quo

83 398 245 443 minus
270 397 486 457 quinque
510 393 677 440 solidis
700 392 1003 454 Anglioanis‚
1031 392 1268 439 continuo

82 483 131 523 et
171 475 353 537 absque
399 473 623 520 ulteriori
671 488 831 519 causae
882 471 1266 525 examinatione,

82 556 362 602 mulctetur.
401 553 643 601 Mulctam
670 568 784 599 vero
807 553 1089 615 impositam
1116 551 1268 598 delin-

79 636 264 697 quenti,
314 635 626 698 Praepositus,
680 633 758 679 vel
797 633 847 678 in
886 630 993 694 ejus
1047 631 1270 678 absentia

81 715 618 778 Vicep1·aeposit11s‚aut
643 712 875 759 Decanus
900 712 1100 773 exigito,
1124 711 1270 772 idque

83 811 173 858 pro
198 795 390 841 ratione
416 792 727 856 descriptam
751 790 950 838 Statuto
976 790 1036 838 de
1072 790 1271 837 mulctis

82 875 348 937 exigendis.
422 874 476 921 Si
501 874 608 936 quis
636 872 953 921 Studentium
980 869 1010 917 a
1043 870 1270 934 precibus

83 956 308 1009 abfuerit,
327 958 563 1020 puniatur
579 952 996 1016 quemadmodum
1014 952 1120 999 aliis
1136 952 1269 999 dein-

81 1052 197 1100 ceps
225 1036 434 1083 Statutis
458 1034 817 1099 praescribetur.

149 1115 283 1162 Ante
307 1114 489 1165 cibum,
511 1115 612 1160 sive
636 1112 859 1177 prandio,
886 1112 986 1158 sive
1024 1113 1157 1158 coensi
1193 1128 1269 1158 su-

84 1195 336 1251 mendum,
363 1194 623 1242 benedicat
658 1194 846 1240 Mensae
885 1208 1013 1239 unus
1045 1207 1072 1239 e
1117 1191 1269 1239 Scho-

80 1279 263 1327 laribus
290 1278 614 1326 servientibus
638 1277 700 1324 ad
738 1291 960 1324 mensam
993 1275 1264 1340 Praepositi,

79 1361 172 1408 hac
195 1360 436 1407 formula:

82 1527 114 1547 “
141 1519 286 1567 Oculi
339 1520 561 1566 omnium
618 1519 668 1565 in
707 1524 756 1565 te
791 1523 994 1581 sperant
1033 1516 1261 1563 Domine.

147 1606 177 1628 ‘⁶
202 1599 283 1647 Tu
321 1599 406 1646 das
444 1600 502 1645 iis
539 1614 696 1645 escam
739 1613 911 1645 eorum
953 1598 1003 1643 in
1041 1603 1265 1659 tempore

147 1688 179 1708 ‘⁶
204 1687 498 1744 opportuno.
569 1679 748 1742 Aperis
788 1685 842 1725 tu
880 1692 1083 1723 manum
1110 1683 1264 1729 tuam,

149 1767 179 1787 “
205 1767 254 1807 et
295 1760 467 1823 imples
505 1775 653 1806 omne
694 1757 880 1805 animal
921 1756 1265 1804 benedictione

147 1840 306 1887 “tua.
377 1839 615 1886 Miserere
655 1838 811 1884 nostri
861 1836 936 1883 Te
987 1851 1265 1897 quaesumus

148 1929 178 1949 “
203 1921 436 1973 Domine,
485 1920 680 1980 tuisque
739 1917 895 1972 doniS,
933 1932 1035 1977 quae
1077 1915 1137 1962 de
1178 1915 1265 1961 tua

144 2008 174 2029 ‘⁶
200 2000 500 2062 benignitate
519 2013 687 2044 sumus
704 1995 999 2059 percepturi,
1022 1993 1264 2042 benedici-

140 2089 175 2110 ‘⁶
199 2088 251 2129 to
271 2097 358 2145 per
382 2079 639 2127 Christum
667 2076 943 2123 Dominum
961 2076 1239 2122 nostrum.’'

76 2228 242 2275 Finito
295 2216 514 2273 Prandio
569 2231 654 2271 aut
697 2221 866 2279 Coena,
908 2221 1108 2269 Gratias
1149 2227 1262 2283 agat

77 2309 167 2355 hac
190 2306 433 2355 formula:
