1504 2501
757 151 847 199 106

210 282 286 340 lis,
305 283 510 348 incipito
533 283 611 331 die
631 283 823 332 decimo
850 282 1082 331 Ootobris
1118 289 1166 331 et
1189 283 1390 330 finiatur

210 363 502 412 Decembris
525 365 772 412 vicesimo.
844 364 1089 412 Volumus
1114 364 1315 428 insuper
1337 370 1394 411 ut

211 443 288 491 ter
331 445 610 506 quotannis,
640 443 821 509 nempe
858 446 910 491 in
948 444 1148 507 cujusq3
1192 446 1393 492 termini

211 525 471 589 principio,
528 525 833 586 singularum
884 525 1115 572 classium
1168 525 1393 589 discipuli

210 604 405 669 publice
430 606 481 652 in
518 605 650 652 Aula
686 607 984 668 congregati,
1027 607 1389 660 examinentur,

212 685 459 748 quomodo
483 685 783 749 profecerint
806 687 856 733 in
883 703 1053 734 earum
1077 688 1258 734 artium
1286 701 1395 748 cog-

209 765 399 812 nitione
431 764 605 826 quibus
628 765 906 813 studuerint
929 773 1014 813 aut
1038 767 1233 814 studere
1252 766 1399 813 debu-

213 845 355 892 erint.
407 844 805 892 Examinatoresa
829 853 974 893 sunto
999 847 1174 908 singuli
1198 847 1397 894 Artium

210 925 452 989 Magistri,
470 927 570 973 sive
589 925 721 974 Socii
735 926 932 982 fuerint,
955 928 1054 974 sive
1069 927 1396 983 Pensionarii,

212 1007 457 1055 Doctores
481 1007 646 1062 etiam,
669 1012 719 1053 et
736 1006 1045 1054 Professores
1064 1005 1139 1070 cuj
1148 1022 1398 1069 uscunque

212 1088 476 1142 facultatis,
504 1088 543 1134 si
569 1086 716 1134 modo
749 1088 865 1151 ipsis
900 1086 1172 1145 videbitur3
1212 1086 1298 1134 sed
1328 1086 1399 1133 illi

214 1169 505 1234 praesertim,
531 1169 615 1233 qui
648 1168 892 1230 eligentur
927 1183 1016 1232 per
1052 1168 1397 1231 Praepositum,

217 1257 268 1299 et
319 1251 612 1314 primarium
663 1249 942 1297 Lectorem-
1029 1247 1398 1295 Examinationi

216 1331 333 1378 huic
365 1329 572 1376 biduum
605 1328 865 1376 tribuatur.
937 1328 1088 1375 Mane
1112 1327 1246 1374 horae
1278 1327 1396 1382 duae,

217 1411 278 1459 ab
313 1411 486 1458 octava
524 1410 715 1457 scilicet
739 1410 802 1457 ad
827 1409 1069 1457 decimam
1089 1429 1102 1468 3
1131 1415 1180 1456 et
1203 1424 1233 1455 a
1256 1424 1399 1472 pran-

218 1490 299 1538 dio
325 1491 443 1537 item
475 1489 603 1536 horae
642 1488 766 1545 duae,
805 1504 835 1536 a
869 1488 1087 1536 secunda
1121 1504 1302 1552 nempe
1339 1488 1400 1535 ad

219 1578 461 1634 quartam.
502 1570 556 1618 Si
580 1570 712 1617 facta
736 1571 1116 1629 examinatione,
1136 1569 1401 1633 discipulus

219 1653 460 1716 quispiam
485 1668 538 1700 se
562 1652 613 1698 in
638 1652 811 1699 studiis
843 1651 1169 1714 negligentius
1199 1651 1401 1712 gessisse

220 1734 568 1798 comperiatur,
603 1749 655 1781 re
681 1749 793 1781 cum
830 1732 1093 1796 Praeposito
1131 1729 1402 1778 communi-

220 1816 342 1870 cata,
373 1813 634 1870 Volumus,
663 1820 718 1861 ut
758 1829 869 1861 eam
905 1828 1101 1877 poenam
1144 1812 1397 1865 sustineat,

222 1910 329 1955 quae
354 1893 642 1958 Praeposito,
670 1899 720 1941 et
744 1893 943 1940 Lectori
968 1892 1202 1956 primario
1221 1888 1400 1937 videbi-

222 1980 304 2020 tur
335 1974 498 2036 digna,
542 1973 639 2036 qua
676 1979 828 2021 tantae
864 1972 1173 2035 negligentiae
1213 1970 1400 2017 crimen

222 2060 437 2110 notetur,
465 2060 514 2101 et
540 2054 826 2116 corrigatur.
898 2052 1047 2108 Quod
1083 2052 1123 2098 si
1163 2050 1223 2098 de
1259 2047 1399 2113 poena

330 2233 344 2250 ³
365 2228 439 2267 See
459 2227 522 2266 the
540 2228 690 2266 Statute
712 2234 733 2252 “
756 2227 818 2265 De
837 2225 1058 2278 quibusdam
1075 2221 1296 2261 mutandis.”
