1458 2455
662 201 724 250 29

97 324 316 378 recitata,
334 340 445 372 cum
462 326 868 387 Alterationibus,
888 332 1282 393 Accessionibus,

96 411 145 451 et
164 404 598 455 Declarationibus
615 409 820 458 inferius
844 412 895 459 in
924 412 1000 460 his
1024 414 1289 464 Praesenti-

95 482 183 529 bus
211 487 464 548 expressis,
493 487 838 551 approbantes,
879 498 929 538 et
962 493 1013 538 in
1054 495 1283 542 omnibus

92 568 200 608 rata
224 570 274 610 et
308 571 448 625 grata
472 565 726 624 habentes,
762 569 936 617 eadem
975 587 1065 634 pro
1105 572 1280 631 Nobis,

96 641 388 701 Heredibus,
433 652 483 693 et
522 646 898 697 Successoribus
934 645 1129 708 nostris,
1163 670 1285 717 prae-

93 723 204 770 fatis
230 725 522 789 Praeposito,
550 728 728 787 Sociis,
767 739 816 779 et
856 732 1192 793 Scholaribus,
1234 745 1283 785 et

96 801 473 854 Successoribus
511 809 624 864 suis,
668 811 985 869 ratificamus,
1018 821 1067 862 et
1095 815 1156 863 ad
1184 817 1283 879 ple-

93 898 212 929 num
240 888 592 936 confirmamus
616 906 705 953 per
729 901 1009 955 praesentes.

172 962 326 1012 CUM
374 983 490 1014 vero
532 969 705 1017 eadem
751 987 912 1036 nuper
953 974 1148 1037 Regina
1193 994 1283 1042 per

93 1043 289 1091 easdem
316 1044 531 1095 Litteras
560 1065 672 1096 suas
708 1057 936 1114 patentes
961 1055 1277 1115 ordinaverit,

92 1129 146 1169 ut
170 1125 373 1174 studiosi
400 1130 451 1175 in
490 1129 621 1177 dicto
647 1130 871 1194 Collegio
897 1133 1202 1185 Libertatem
1231 1148 1280 1187 et

90 1201 130 1247 F
132 1204 400 1254 acultatem
426 1209 682 1265 haberent,
709 1211 923 1267 Gradus,
964 1222 1066 1262 tam
1091 1217 1279 1266 Bacca-

87 1281 350 1344 laureatfis,
380 1289 670 1352 Magisterii,
699 1299 748 1339 et
784 1292 1100 1355 Doctoratus,
1131 1297 1277 1360 juxta

85 1363 299 1431 Tempus
339 1369 588 1427 idoneum,
628 1373 679 1419 in
720 1375 948 1422 omnibus
986 1378 1190 1427 Artibus
1228 1389 1277 1428 et

86 1450 425 1508 Facultatibus
445 1450 715 1508 obtinendi,
740 1453 835 1501 hoc
857 1455 1057 1504 interim
1079 1474 1276 1524 semper

87 1532 299 1593 proviso,
330 1537 386 1577 ut
401 1547 513 1578 cum
529 1530 611 1595 huj
620 1549 675 1580 us
692 1533 902 1597 Collegii
922 1535 1056 1584 Socii
1074 1547 1266 1602 septem

86 1612 301 1673 integros
318 1612 491 1659 Annos
510 1621 620 1676 post
653 1614 880 1663 Gradum
906 1616 1181 1679 Magisterii
1197 1637 1270 1668 as-

84 1696 336 1753 sumptum
375 1690 767 1754 adimpleverint,
813 1701 934 1741 tunc
959 1694 985 1742 e
1008 1695 1271 1746 Sociorum

84 1768 304 1816 Numero
317 1778 679 1828 amoverentur,
698 1779 753 1819 ut
764 1773 846 1819 alii
858 1775 908 1820 in
920 1790 1091 1822 eorum
1103 1777 1268 1827 locum

84 1849 275 1896 suffecti
304 1865 394 1912 pro
428 1847 648 1911 ejusdcm
681 1850 843 1913 Regni
874 1859 923 1899 et
937 1853 1172 1903 Ecclesiae
1188 1858 1267 1906 be-

82 1930 260 1976 neficio
280 1929 618 1977 emolumenta
632 1930 902 1978 haberent:
937 1931 1053 1988 Nos,
1082 1934 1265 1985 dictam

83 2008 442 2064 Provisionem‚
470 2016 643 2073 utpote
686 2012 940 2060 inimicam
965 2030 1066 2062 non
1104 2017 1265 2066 solum

82 2086 325 2143 studiosis,
341 2094 390 2134 et
411 2088 635 2151 Collegio
654 2109 666 2148 3
685 2091 771 2138 sed
791 2107 964 2140 revera
976 2093 1152 2159 Regno
1177 2101 1264 2146 eti-

82 2181 178 2221 am,
218 2173 267 2213 et
281 2166 516 2214 Ecclesiae
529 2188 542 2227 ;
574 2185 684 2216 cum
724 2170 981 2220 Consensu
1002 2176 1261 2238 praedicto-

81 2261 189 2292 rum
203 2246 476 2311 Praepositi,
493 2248 770 2309 Sociorum,
784 2261 833 2301 et
844 2253 1157 2304 Scholarium
1169 2259 1260 2305 tol-
