1458 2455
680 184 741 233 89

128 311 481 376 chirograph03
510 312 592 373 qui
618 327 757 359 secus
781 312 967 367 fecerit,
995 312 1156 375 primo
1180 317 1299 359 tem-

133 408 267 456 pore,
319 398 600 439 commeatu
648 391 794 438 unius
841 391 1181 448 hebdomadae,
1227 407 1298 439 se-

124 474 300 530 cundo,
339 473 564 528 duarum,
608 473 769 528 tertio,
798 474 979 519 mensis
1004 472 1296 529 mulctetur3

122 561 312 616 quarto,
349 569 409 601 ex
448 568 692 600 consensu
724 552 994 616 Praepositi,
1024 558 1072 599 et
1100 550 1300 614 majoris

121 634 274 697 partis
302 632 561 680 Sociorum
592 632 873 688 Seniorum,
902 632 1126 693 Collegio
1144 636 1147 640 “
1168 647 1300 678 amo-

117 719 304 760 veatur.
358 712 641 768 Seditionis,
664 719 749 759 aut
773 712 1087 759 dissensionis
1112 711 1301 758 domes-

120 794 224 839 ticae
249 792 495 848 authoreS,
524 793 741 854 itemque
766 793 850 854 qui
891 791 1012 838 alios
1049 806 1297 855 percusse-

118 874 232 928 rint,
289 873 519 930 laeserint,
555 872 904 927 fraudaverint,
941 872 1203 919 allexerint
1238 871 1299 917 ad

119 956 353 1018 popinam
379 961 464 1001 aut
482 953 798 1017 oenopolium,
827 968 1078 1000 excessum
1106 954 1155 998 in
1182 957 1298 1014 potu

119 1033 421 1088 admiserint,
440 1032 635 1088 librum,
647 1032 994 1079 vestimentum
1004 1068 1014 1088 ,
1026 1031 1101 1078 vel
1114 1030 1296 1092 aliquid

118 1114 323 1160 omnino
348 1112 574 1159 suffurati
598 1111 794 1167 fuerint,
822 1112 977 1175 prima
1002 1112 1121 1167 vice,
1164 1126 1295 1157 com·

117 1201 285 1240 meatu
308 1199 576 1247 menstruo,
604 1190 833 1246 secunda,
869 1192 1103 1238 trimestri
1144 1190 1296 1237 mulc-

116 1280 297 1328 tentur,
320 1273 479 1328 tertia,
499 1272 725 1334 Collegio
745 1272 1068 1336 expellantur.
1109 1270 1297 1318 Omnes

113 1353 223 1400 lites
256 1352 553 1407 domesticae,
591 1353 723 1398 intra
761 1350 1055 1413 Collegium,
1100 1357 1149 1398 et
1186 1366 1294 1411 cog-

114 1439 396 1487 noscantur,
417 1431 492 1495 (et
515 1432 554 1477 si
591 1431 697 1478 fieri
734 1432 920 1494 potest)
947 1429 1293 1492 dijudicenturu

116 1511 216 1567 Qui
264 1511 394 1557 foras
443 1526 558 1557 vero
601 1510 814 1571 aliquem
854 1511 905 1556 in
936 1507 1017 1571 jus
1049 1510 1295 1556 vocaverit

113 1594 218 1639 sine
244 1592 514 1655 Praepositi,
544 1597 593 1638 et
617 1589 817 1653 majoris
850 1591 1002 1654 partis
1039 1590 1294 1637 Sociorum

118 1674 382 1721 Seniorum
419 1688 676 1726 consensu,
716 1670 939 1732 Collegio
979 1675 1291 1717 amoveatur:

114 1753 513 1817 Appellationem
536 1760 704 1800 tamen
731 1768 790 1799 ex
806 1750 938 1814 justa
963 1751 1107 1798 causa
1126 1766 1294 1812 grava-

115 1837 261 1882 minis
313 1834 375 1881 ad
431 1833 722 1880 Visitatores
767 1832 991 1893 Collegii,
1049 1846 1150 1878 non
1207 1832 1294 1877 im-

114 1915 352 1979 pedimus
428 1913 528 1960 Sed
561 1928 624 1959 ne
659 1910 905 1974 frequenti
943 1911 1293 1974 Appellatione

114 1995 336 2057 Collegio
373 1993 596 2049 dedecuS,
636 1999 721 2039 aut
758 1992 1105 2039 Visitatoribus
1140 1991 1295 2038 nimia

114 2083 307 2124 creetur
332 2074 573 2128 molestia,
611 2072 778 2120 licebit
813 2073 884 2127 iis,
927 2073 1107 2134 inepte,
1149 2079 1198 2118 et
1234 2071 1294 2118 de

111 2156 206 2202 levi
231 2153 561 2217 appellantem
583 2149 810 2213 rejicere,
830 2150 1161 2214 appellantem
1179 2166 1293 2197 vero

114 2237 163 2282 in
181 2249 328 2282 causa
346 2232 571 2296 graviori,
589 2238 638 2279 et
653 2230 833 2293 absque
842 2228 977 2294 justo
993 2230 1293 2293 gravamine,
