1458 2455
652 179 744 223 133

115 309 272 372 major
295 324 422 373 parS,
449 324 561 356 cum
582 307 866 371 Praeposito,
894 305 969 353 vel
995 321 1054 353 eo
1073 304 1289 361 absente,

116 389 501 452 Vicepraeposito
536 403 637 434 non
673 387 1027 442 consenserint,
1074 402 1133 433 eo
1176 402 1292 433 casu

113 470 163 515 in
199 469 345 515 tertio
380 468 632 523 scrutinio,
670 467 725 522 is,
764 467 840 513 vel
877 466 945 512 illi
987 483 1077 530 pro
1118 466 1290 521 electo,

113 548 187 596 vel
214 548 380 595 electis
405 554 565 603 sunto,
593 563 755 609 quem,
782 547 859 593 vel
884 563 1019 608 qum,
1056 546 1294 610 Praeposi-

114 637 206 684 tus,
232 630 322 686 vel,
356 646 415 677 eo
442 630 655 685 absente,
691 629 1115 692 Vicepraepositus‘
1138 628 1295 674 nomi-

116 710 265 757 nabit.

182 792 240 839 In
282 791 546 839 Seniorum
585 806 700 838 vero
737 790 997 838 Sociorum
1031 806 1296 837 numerum

118 873 307 934 quoties
348 872 605 932 quisquam
642 869 948 933 cooptandus
986 877 1072 925 est,
1121 871 1298 916 omissa

119 951 483 998 examinatione
522 956 573 996 et
611 949 920 1003 Juramento,
960 949 1156 1013 (utpote
1190 948 1295 1012 jam

119 1040 265 1079 antea
295 1030 478 1089 factis,)
505 1030 815 1093 Praepositus,
849 1030 922 1076 vel
949 1030 1299 1094 Vicepraeposi-

119 1121 196 1160 tus
221 1112 280 1159 de
297 1112 561 1175 praeelectis
584 1111 741 1158 Sociis
755 1109 787 1157 J
795 1110 1059 1166 umoribus,
1084 1112 1298 1158 maxime

119 1194 361 1240 seniorem
400 1190 691 1246 nominabit,
734 1197 783 1237 et
822 1190 882 1237 de
925 1191 1030 1253 ipso
1068 1190 1300 1252 suffragia

119 1272 324 1336 rogabit,
365 1289 426 1318 an
461 1272 636 1333 dignus
673 1270 909 1326 videatur,
944 1271 1026 1332 qui
1068 1271 1118 1316 in
1162 1270 1299 1318 dece-

120 1354 279 1401 dentis
314 1353 476 1399 locum
514 1351 758 1398 succedat.
831 1351 930 1406 Qui
972 1352 1011 1397 si
1048 1353 1300 1399 convictus

119 1436 268 1483 fuerit
292 1450 456 1481 coram
484 1433 772 1496 Praeposito,
801 1441 851 1479 et
874 1430 1062 1493 majori,
1099 1432 1174 1479 vel
1210 1433 1301 1479 sal-

120 1528 221 1569 tem
245 1519 417 1581 aequali
438 1525 577 1582 parte
606 1517 872 1565 Seniorum
904 1516 1110 1580 alicujus
1142 1520 1302 1565 crimi-

122 1600 212 1654 nis,
270 1614 366 1659 quo
415 1598 645 1659 indignus
684 1596 921 1652 redditur,
973 1596 1033 1644 de
1080 1599 1302 1661 proximo

123 1677 362 1724 habeatur
381 1678 521 1730 ratio,
547 1683 596 1723 et
620 1677 689 1723 sic
714 1676 945 1739 deinceps
970 1677 1130 1737 quoad
1151 1678 1200 1723 in
1220 1677 1304 1724 ali-

124 1773 270 1819 quem
306 1757 506 1818 dignum
541 1756 906 1802 consenserint:
935 1771 1081 1817 quem
1110 1756 1180 1802 sic
1216 1756 1304 1803 So-

127 1839 258 1885 cium
288 1837 542 1884 Seniorem
569 1837 733 1883 statim
761 1836 1009 1890 constitui,
1038 1842 1087 1882 et
1111 1835 1305 1883 admitti

124 1918 300 1982 placet,
335 1923 384 1964 et
417 1931 586 1979 parem
624 1931 735 1962 cum
772 1915 956 1961 caeteris
992 1922 1301 1977 potestatem,

125 1999 491 2052 authoritatem,
511 2004 559 2044 et
583 1995 827 2059 stipendia
851 1994 1088 2042 obtinere.
1160 1994 1306 2043 Hanc

126 2085 293 2127 autem
317 2078 627 2133 electionem,
653 2076 729 2123 vel
755 2077 917 2139 potius
941 2077 1305 2139 cooptationem

130 2159 265 2207 Socii
297 2157 521 2205 Junioris
563 2157 614 2203 in
660 2156 921 2204 Seniorem
964 2171 1159 2218 semper
1199 2156 1305 2202 fieri

129 2240 371 2289 Volumus
403 2241 531 2287 intra
556 2237 774 2287 triduum
801 2254 830 2286 a
853 2238 1108 2286 vacatione
1144 2239 1308 2300 cogni-
