1504 2501
744 164 805 210 se

176 301 412 342 vertatur.
486 294 733 342 Volumus
789 296 1003 358 insuper,
1058 299 1114 341 ut
1165 308 1293 340 unus
1340 308 1366 339 e

180 375 472 422 Senioribus
522 374 681 422 Sociis
736 375 798 422 ad
848 375 1140 423 Catechistae
1189 388 1368 420 munus

178 456 442 517 quotannis
468 454 689 517 eligatur,
714 461 937 519 tempore
957 454 1190 501 nimirum
1210 452 1371 499 finalis

179 534 433 598 Computi.
506 534 552 581 Is
603 534 822 596 quolibet
862 534 941 581 die
986 532 1206 588 Sabbati,
1249 531 1371 578 hora

178 614 396 661 secunda
446 611 789 678 pomeridiana
843 630 931 677 per
982 612 1200 674 singulas
1252 611 1371 657 anni

177 697 494 759 septimanas,
545 696 597 742 in
652 695 812 757 aliqua
868 701 1008 758 parte
1044 692 1367 746 Catechismi,

180 778 411 825 adhibitis
437 778 920 840 interrogationibus,
956 784 1005 824 et
1041 775 1371 840 responsioni·

180 858 286 914 bus,
318 858 579 906 Scholares
604 858 814 905 erudito.
885 858 952 904 Et
990 857 1120 919 quod
1156 857 1373 903 occurrit

182 939 427 986 difficilius
466 939 736 994 intfflectn,
782 938 912 986 idem
954 938 1246 986 Catechista
1285 952 1374 1001 per

182 1020 399 1082 singulas
419 1019 657 1081 cujusque
685 1019 912 1066 Termini
937 1020 1254 1082 septimanas,
1275 1016 1370 1072 die,

186 1108 236 1148 et
260 1101 384 1148 hora
414 1100 661 1164 praedicta,
696 1101 849 1146 finitis
890 1096 1372 1161 interrogationibus,

185 1187 234 1228 et
258 1179 677 1244 responsionibus,
714 1180 833 1226 illud
872 1181 1097 1226 oratione
1139 1177 1376 1226 continua

185 1263 464 1309 accuratius
488 1268 682 1317 tractet,
706 1268 755 1308 et
774 1267 1112 1325 persequatur.
1185 1258 1299 1314 Quo
1324 1259 1376 1304 in

187 1356 394 1388 munere
427 1340 764 1387 Catechistam
805 1341 874 1386 ita
898 1340 1080 1386 versari
1113 1338 1373 1393 Volumus,

189 1430 242 1470 ut
266 1423 486 1485 singulas
511 1422 618 1468 illas
644 1421 924 1477 Orationes,
951 1436 1039 1468 seu
1070 1418 1377 1467 Collationes

187 1520 289 1551 non
314 1503 554 1568 producat
570 1503 700 1550 ultra
718 1503 1033 1550 semihoram.
1113 1500 1377 1547 Sancimus

191 1589 406 1651 insuper,
435 1593 489 1633 ut
518 1587 649 1632 intra
688 1586 901 1649 spatium
940 1585 1086 1631 unius
1119 1579 1379 1644 cujuslibet

191 1670 308 1717 anni
337 1668 530 1730 singula
556 1667 859 1715 Catechismi
901 1666 1066 1728 capita
1106 1667 1376 1727 percurrat,

191 1757 241 1797 et
276 1750 646 1811 interpretetur.
718 1745 1065 1793 Catecbismus
1089 1758 1205 1790 vero
1231 1757 1377 1803 quem

194 1829 416 1875 adhiberi
444 1827 707 1884 Volumus,
746 1827 808 1872 sit
845 1825 945 1880 ille,
969 1827 1044 1887 (et
1082 1839 1183 1870 non
1223 1819 1372 1883 alius)

194 1910 277 1970 qui
324 1908 536 1955 habetur
575 1908 627 1953 in
664 1906 890 1966 Liturgia
939 1902 1218 1966 Anglicana
1265 1908 1379 1948 ante

196 1993 640 2040 Confirmationem
663 1989 1168 2037 Catechumenorum.
1219 1982 1382 2046 Hujus

195 2073 462 2121 Auditores
503 2077 649 2118 sunto
695 2076 796 2117 tam
848 2067 1184 2121 Baccalauoei,
1233 2079 1381 2127 quam

197 2168 369 2201 omnes
393 2151 646 2197 studentes
662 2148 903 2206 juniores.

264 2233 423 2280 Porro
448 2230 717 2294 Praepositi,
744 2235 794 2275 et
821 2228 1080 2275 Sociorum
1110 2223 1378 2273 Seniorum
