1458 2455
663 212 755 257 153

114 350 169 391 ut
191 342 464 391 remedium
490 343 704 404 gratiose
720 347 948 405 praestare
975 340 1290 403 dignaremur

114 423 386 470 humillime
411 439 441 470 a
470 422 610 470 nobis
640 423 892 486 petierunt
916 421 1210 486 Praepositus
1243 426 1292 465 et

105 503 247 551 ⁴Socii
275 503 505 551 Seniores
526 524 540 563 ;
568 503 874 550 Potestatem
899 502 1049 564 igitur
1068 499 1292 548 concedi-

110 599 218 631 mus
253 586 305 631 in
342 584 564 632 futurum
606 600 695 648 per
731 589 997 647 praesentes
1021 582 1291 644 Praeposito

109 679 209 710 una
228 679 339 711 cum
359 663 547 727 majore
565 671 705 729 parte
724 664 984 712 Sociorum
1005 661 1287 715 Seniorum‚

107 749 332 807 tempora
362 745 530 792 omnia
553 743 799 791 adofficia
817 742 1044 805 quaelibet
1059 748 1290 805 praestan-

107 822 182 878 da,
211 829 296 870 aut
318 824 522 870 omnino
548 823 609 870 ad
633 823 818 886 aliquid
842 822 1081 884 agendum
1108 822 1157 867 in
1182 821 1289 867 Sta-

106 904 225 950 tutis
280 903 483 951 definita
525 906 768 968 (exceptis
815 902 1125 951 solummodo
1169 902 1287 948 hor-si

106 998 307 1045 precum
335 990 384 1030 et
414 983 780 1047 praelectionum
822 984 1177 1030 matutinarum
1217 988 1285 1028 at-

106 1077 200 1123 que
225 1063 526 1126 temporibus
552 1064 973 1111 examinationum
1006 1068 1055 1110 et
1086 1062 1283 1109 electio-

105 1157 223 1188 num
245 1141 501 1189 Sociorum
518 1149 568 1190 et
586 1142 895 1190 Scholarium
912 1142 1285 1206 discipulorum)

105 1237 216 1268 cum
243 1237 481 1269 consensu
507 1222 832 1270 Visitatorum
863 1221 1103 1276 mutandi,
1137 1231 1283 1285 prout

104 1316 181 1348 res
205 1303 321 1365 ipsis
345 1302 538 1363 exigere
562 1301 818 1349 videbitur.

169 1380 362 1428 Etcum
379 1382 427 1426 in
446 1382 606 1444 capite
623 1382 854 1429 vicesimo
878 1383 1039 1446 primo
1062 1383 1280 1430 Statuto-

103 1476 211 1507 rum
228 1461 472 1523 provisum
496 1462 559 1508 sit
580 1468 635 1508 ut
651 1464 946 1510 communiae
971 1463 1278 1525 uniuscujus-

103 1558 197 1603 que
218 1558 397 1590 mensae
413 1543 726 1607 duplicentur
743 1545 1008 1592 Dominica
1019 1546 1278 1593 Trinitatis

103 1625 305 1686 singulis
329 1627 484 1681 annis,
509 1633 816 1690 compertum
842 1634 1007 1674 autem
1035 1629 1097 1674 sit
1121 1630 1277 1675 multa

104 1704 278 1751 exinde
331 1705 646 1752 incommoda
688 1708 1000 1770 provenisse3
1051 1709 1275 1755 volumus

102 1785 250 1845 igitur
276 1790 325 1830 et
349 1786 616 1832 statuimus
665 1792 721 1832 ut
765 1787 816 1832 in
853 1794 1102 1850 posterum
1145 1805 1275 1836 com-

99 1867 276 1911 muniae
300 1865 575 1913 Dominicis
601 1866 860 1914 Trinitatis
888 1883 988 1915 non
1038 1870 1277 1917 excedant

101 1945 398 1992 ordinariam
427 1946 635 1993 diaetam.

166 2025 232 2072 Et
255 2041 366 2073 cum
395 2026 667 2090 Praeposito
692 2035 741 2075 et
785 2028 943 2077 Sociis
988 2030 1273 2079 Senioribus

97 2111 312 2168 potestas
351 2121 438 2168 per
471 2105 669 2153 Statuta
723 2123 955 2156 concessa
1001 2112 1076 2165 sit,
1117 2128 1268 2159 unum

98 2185 440 2232 tantummodo
466 2201 491 2233 e
511 2185 668 2233 Sociis
684 2187 758 2234 vel
775 2187 1021 2250 Magistris
1046 2191 1271 2253 eligendi,

97 2265 178 2324 qui
202 2264 586 2314 Bibliothecario
610 2268 816 2323 assistat,
842 2279 1091 2320 crescente
1111 2281 1276 2321 autem

661 2363 693 2394 H
719 2351 748 2394 3
