1504 2501
726 163 789 206 40

170 291 390 356 praedicti
416 289 641 352 Collegii‚
669 306 758 354 per
782 289 977 337 easdem
1005 288 1199 337 Literas
1237 305 1348 337 suas

165 378 406 434 patentes,
434 372 744 427 concesserit,
773 378 822 418 et
852 371 1105 418 licentiam
1141 372 1346 428 dederit,

164 466 253 514 pro
289 450 371 504 Se,
402 450 696 506 HeredibUS,
739 458 788 498 et
822 451 1195 498 Successoribus
1231 454 1346 507 suis,

162 531 403 594 praedictis
422 530 705 593 Praeposito‚
738 531 909 587 Sociis,
938 538 986 578 et
1014 531 1345 588 Scholaribus,

165 617 214 657 et
239 626 412 657 eorum
437 610 815 666 successoribus,
843 611 972 673 quod
1001 612 1108 675 ipsi,
1144 618 1194 658 et
1229 612 1348 660 Suc-

164 707 382 739 cessores
406 693 481 738 sui
505 698 707 755 possent
731 698 780 738 et
804 692 1026 739 valerent
1045 694 1344 755 perquirere,

160 772 358 828 habere,
400 773 634 836 recipere,
670 778 719 819 et
751 772 1001 836 possidere
1038 788 1127 836 per
1164 788 1345 820 nomen

161 853 432 917 Praepositi,
479 854 750 909 Sociorum,
791 861 840 900 et
881 853 1195 900 Scholarium
1234 853 1348 901 Col-

157 934 271 995 legii
287 941 464 981 sanctae
492 942 541 981 et
556 934 814 981 individuae
833 935 1093 981 Trinitatis
1122 934 1347 981 Elizabe-

156 1015 250 1062 thae
265 1015 464 1076 Reginae
472 1012 617 1075 juxta
630 1013 818 1060 Dublin
831 1051 842 1070 ,
853 1014 1130 1071 Manneria,
1146 1014 1343 1071 Terras,

159 1096 487 1150 Tenementffl
511 1101 560 1142 et
589 1094 1010 1143 Haereditamenta
1029 1112 1344 1158 quaecunque,

158 1184 206 1225 et
231 1175 568 1239 cujuscunque
594 1182 757 1222 essent
781 1185 981 1231 naturae,
1010 1178 1218 1238 generis,
1257 1193 1344 1225 seu

157 1259 354 1322 speciei,
382 1257 535 1303 annui
567 1257 745 1303 valoris
783 1257 1144 1319 quadringenta
1175 1257 1344 1304 Libra-

158 1355 267 1386 rum
295 1338 538 1385 currentis
563 1345 771 1384 monetae
795 1339 998 1400 Angliae,
1036 1339 1165 1385 ultra
1192 1355 1345 1386 onera

159 1426 209 1467 et
261 1419 497 1482 reprizas,
547 1418 607 1464 ad
658 1421 913 1482 proprium
961 1435 1085 1482 opus
1135 1426 1184 1467 et
1227 1435 1343 1466 usus

158 1499 502 1563 praedictorum
532 1498 797 1563 Praepositi,
824 1500 1100 1556 Sociorum,
1123 1508 1172 1547 et
1195 1500 1343 1548 Scho-

154 1580 350 1635 larium,
384 1586 434 1626 et
473 1579 827 1627 Successorum
876 1596 1095 1636 suorum,
1139 1581 1343 1629 Statutis

156 1660 215 1707 de
243 1659 412 1706 Terris
437 1666 486 1707 et
512 1660 835 1708 Tenementis
873 1661 934 1708 ad
967 1661 1176 1709 Manum
1214 1678 1341 1709 mor-

156 1747 292 1787 tuam
319 1756 420 1787 non
446 1740 688 1804 ponendis
712 1757 812 1787 non
839 1740 1159 1788 obstantibus.

224 1820 517 1876 SCIATIS,
558 1821 706 1876 Quod
745 1822 847 1868 Nos
874 1820 1093 1884 ejusdem
1133 1822 1342 1884 Collegii

157 1899 505 1955 meliorationi,
547 1907 597 1947 et
630 1900 938 1964 ampliationi
974 1901 1232 1965 providere
1262 1917 1342 1949 vo-

156 1980 329 2033 lentes,
370 1994 463 2025 nec
505 1995 606 2026 non
645 1979 707 2026 ad
755 1980 996 2027 humilem
1046 1981 1340 2044 petitionem

158 2057 413 2122 perdilecti
434 2064 483 2104 et
506 2059 925 2121 perquam-fidelis
950 2059 1336 2121 Consanguinei,

159 2145 209 2185 et
246 2137 532 2185 Consiliarii
569 2140 723 2185 nostri
763 2139 967 2185 Thomae
1019 2138 1339 2185 Vicecomitis

159 2217 470 2266 Wentworth
488 2216 724 2281 Deputati
747 2219 901 2266 nostri
920 2217 1162 2280 generalis
1182 2215 1340 2278 Regni
