1504 2501
768 143 828 183 00

211 277 378 318 nostra
394 270 452 317 de
468 270 707 318 electione
723 271 1052 333 Burgensium
1065 271 1388 320 Parliamenti

211 354 259 398 in
281 359 529 415 posterum
552 352 836 414 dirigentur,
876 352 1005 414 quod
1041 353 1162 399 tales
1200 354 1388 401 viceco-

212 433 368 487 mites,
395 433 631 488 officiarii,
649 434 749 479 sive
768 433 977 479 ministri
995 433 1168 494 quibus
1190 434 1387 496 aliquod

211 510 492 573 hujusmodi
540 511 699 565 breve,
749 513 848 558 sive
895 511 1057 574 aliqua
1102 511 1387 575 hujusmodi

209 593 375 639 brevia
399 600 565 639 nostra
589 594 673 647 sic,
704 601 758 639 ut
787 593 1059 657 praefertur,
1099 594 1385 657 dirigentur,

208 673 392 720 facient
411 681 703 737 praeceptum
723 674 866 720 'suum
894 675 1179 740 Praeposito,
1212 676 1384 731 Sociis,

211 759 259 798 et
297 752 613 799 Scholaribus
649 753 764 799 dicti
803 754 1011 817 Collegii
1044 771 1132 818 pro
1165 761 1388 832 tempore

211 834 546 888 existentibus,
574 850 664 897 pro
689 834 930 881 electione
960 841 1009 881 et
1042 833 1388 881 returnacione

211 913 479 960 eorundem
501 913 708 959 duorum
730 913 1078 974 Bul-gensium,
1106 929 1195 977 per
1218 913 1390 960 inden-

209 999 369 1039 turam
414 994 543 1039 inter
584 994 712 1056 ipsos
754 1000 802 1039 et
847 993 1002 1040 dictos
1048 993 1387 1058 Pirrpositum,

213 1073 401 1127 SociOS,
443 1080 492 1119 et
533 1072 811 1129 Scholarcs,
859 1072 1131 1120 secundum
1178 1074 1388 1122 formam

211 1155 261 1200 in
298 1153 618 1201 electionibus
655 1153 761 1199 aliis
797 1153 1125 1215 Burgensium
1166 1155 1214 1200 in
1258 1154 1389 1201 dicto

210 1249 361 1294 regno
387 1238 554 1278 nostro
582 1232 829 1278 Hiberniae
853 1232 1159 1280 observatam
1177 1239 1225 1279 et
1243 1234 1390 1280 usita-

212 1319 328 1359 tam.
406 1312 471 1358 Et
520 1313 588 1358 lice
635 1312 783 1358 literae
818 1319 991 1358 nostrae
1027 1319 1269 1376 patentes,
1314 1313 1387 1360 vel

211 1392 588 1439 irrotulamenta
624 1393 891 1439 earundem
929 1401 1074 1440 erunt
1108 1401 1209 1440 tam
1248 1394 1388 1441 dictis

212 1474 494 1537 PraepositQ
517 1473 689 1529 Sociis,
719 1481 767 1521 et
785 1474 1118 1530 Scholaribus,
1139 1481 1188 1522 et-
1201 1490 1390 1521 succes-

211 1553 399 1599 soribus
447 1554 560 1608 suis,
611 1569 757 1615 quam
807 1554 1049 1609 omnibus,
1100 1561 1149 1601 et
1185 1554 1389 1616 singulis

212 1632 594 1687 vicecomitibus,
613 1633 871 1688 officiariis,
890 1634 1386 1690 etministrisnostris,

212 1712 466 1767 heredum,
495 1718 544 1758 et
574 1728 909 1759 successorum
947 1725 1246 1768 nostrorum,
1286 1715 1390 1775 qui-

212 1795 497 1855 buscunque
522 1795 768 1840 sufficiens
796 1800 1098 1840 warrantum
1128 1801 1178 1840 et
1213 1810 1389 1841 exone-

214 1874 339 1920 ratio
372 1874 422 1918 in
456 1873 546 1919 haic
573 1879 727 1936 parte,
798 1873 866 1919 Et
900 1870 1107 1919 ulterius
1144 1872 1388 1928 volumus,

214 1969 271 2000 ac
294 1969 383 2016 per
405 1959 665 2016 praesentes
691 1953 1007 2000 concedimus
1031 1953 1240 2017 praefatis
1264 1953 1389 2000 Prae-

213 2034 387 2098 posito,
420 2032 591 2086 Sociis,
617 2040 666 2079 et
685 2033 1017 2091 Scholaribus,
1039 2040 1087 2080 et
1105 2029 1391 2080 successori-

213 2115 302 2161 bus
344 2115 457 2165 suis,
496 2114 625 2175 quod
666 2115 741 2160 hae
777 2115 926 2161 literae
961 2121 1136 2161 nostrae
1168 2119 1391 2177 patentes

212 2200 362 2242 erunt
376 2195 424 2240 in
442 2193 670 2240 omnibus
680 2201 826 2257 etper
837 2195 1017 2251 omnia,
1030 2195 1191 2249 firmae,
1206 2192 1387 2250 validae,
