1504 2501
745 151 807 193 48

187 277 407 325 nioribus
445 277 654 340 Collegii
700 278 912 342 praedioti
952 295 1050 326 non
1090 279 1366 335 emendata,

185 357 612 405 animadvertant:
651 358 803 420 quue
832 356 978 420 juxta
1018 359 1216 406 Statuta
1260 375 1370 405 nos-

184 445 262 485 tra
314 453 404 501 pro
459 436 723 499 Regimine
775 438 904 485 illius
959 438 1184 500 Collegii.
1263 438 1370 485 Nisi

188 515 334 577 quod,
386 515 462 562 vel
519 515 920 563 dissentientibus
973 517 1104 563 inter
1149 532 1199 563 se
1249 517 1369 563 Pro-

186 595 483 642 oanoellario
530 595 828 651 Academiae,
878 602 927 642 et
979 596 1367 660 Archiepiscopo

183 675 371 722 Dublin
408 690 556 738 super
602 675 767 737 aliqua
791 677 997 722 materia
1034 677 1363 732 controversa,

183 757 259 803 vel
294 757 345 802 in
381 755 685 817 gravioribus
729 755 1101 817 quibuscunque
1138 758 1362 818 negotiis,

184 838 309 885 nihil
340 853 560 899 unquam
596 837 826 883 volumus
856 837 961 882 fieri
991 837 1097 882 sine
1127 835 1365 899 approba-

179 920 316 966 tione
352 916 653 964 Canoellarii
690 915 972 962 Academiae
998 916 1254 978 praedictae,
1281 923 1365 963 aut

180 1000 218 1046 si
246 999 346 1057 fiat,
372 1013 462 1061 pro
482 998 622 1043 irrito
648 996 908 1043 habeatur.

239 1076 560 1131 DENIQUE
601 1076 914 1131 Statutimus,
963 1083 1014 1123 et
1058 1092 1147 1140 pro
1195 1077 1360 1134 Nobis,

181 1158 465 1207 Heredibus
513 1165 561 1205 et
623 1157 999 1206 Suecessoribus
1055 1159 1232 1204 nostris
1287 1175 1363 1205 or-

175 1241 418 1294 dinamUS‚
478 1254 538 1285 ex
591 1238 762 1285 eadem
814 1237 989 1284 Gratia
1037 1240 1217 1293 nostra,
1269 1242 1360 1300 qua

170 1321 333 1369 studia
379 1326 429 1366 et
463 1318 706 1365 studiosos
741 1318 1098 1380 prosequimur,
1138 1324 1192 1364 ut
1228 1319 1359 1379 quie-

174 1401 291 1465 quid
327 1398 601 1462 adjumenti
638 1397 698 1445 ad
734 1397 830 1444 hoc
866 1396 1142 1458 Collegium
1182 1399 1357 1445 melius

171 1480 590 1535 constituendum,
619 1485 667 1526 et
703 1477 1093 1525 conservandum
1133 1482 1356 1542 praestari

170 1568 346 1627 potest,
385 1577 414 1607 a
449 1560 702 1623 Deputato
738 1564 907 1605 nostro
940 1559 1156 1620 generali
1192 1559 1355 1622 Regni

166 1644 322 1690 nostri
348 1641 618 1696 Hiberniae,
647 1647 696 1687 et
721 1640 780 1687 ab
800 1640 1028 1687 omnibus
1049 1641 1155 1686 aliis
1174 1643 1354 1689 nostris

175 1721 395 1769 Subditis
437 1726 487 1767 et
516 1719 797 1774 Officiariis,
835 1720 1029 1775 nostris,
1068 1720 1350 1776 Haeredum,

166 1803 241 1850 vel
282 1802 634 1849 Suooessorum
671 1806 969 1854 nostrorum,
1008 1815 1098 1862 pro
1130 1806 1353 1863 tempore

166 1883 422 1934 existente,
468 1886 523 1926 ut
562 1879 697 1933 illud,
746 1877 875 1925 bona
933 1894 1043 1925 oum
1096 1878 1257 1925 Venia
1304 1887 1352 1926 et

165 1961 484 2009 Authoritate
519 1961 703 2013 nostra,
736 1959 989 2023 praebeant
1030 1966 1079 2006 et
1119 1960 1352 2006 adminis-

161 2047 309 2088 trent.
380 2040 447 2085 Et
479 2040 611 2103 quod
648 2041 817 2086 omnia
846 2038 991 2094 bona,
1029 2038 1222 2091 catalla,
1254 2054 1346 2093 res,

161 2128 332 2175 terras,
393 2125 681 2166 tenementa
735 2127 783 2166 et
835 2119 1242 2166 liaereditamenta
1287 2119 1351 2164 ad

164 2197 508 2262 Praepositum,
570 2197 756 2250 SociOS,
807 2204 856 2244 et
911 2197 1172 2244 Seholares
1228 2197 1344 2244 dieti
