1504 2501
758 145 821 193 26

201 281 340 334 verit,
388 280 577 337 fecerit,
626 278 954 332 constituerit,
1005 282 1054 323 et
1100 275 1390 323 stabiliverit

194 359 404 407 firmiter
430 375 518 423 per
546 359 745 406 easdem
773 359 968 406 Literas
992 373 1105 404 suas
1129 362 1386 420 patentes:

194 439 261 486 Et
291 439 426 501 quod
449 440 542 503 ipsi
568 445 617 486 et
645 438 966 486 Successores
991 437 1065 483 sui
1091 452 1179 500 per
1194 435 1389 483 Nomen

193 519 466 583 Praepositi,
513 519 792 571 Sociorum,
832 525 881 564 et
923 516 1237 564 Scholarium
1277 515 1391 563 Col-

192 598 311 660 legii
346 605 524 645 sanctae
558 605 608 645 et
639 597 900 645 individuae
935 598 1197 644 Trinitatis
1228 596 1392 643 Eliza-

195 678 353 726 bethae
373 679 576 741 Reginae
584 677 730 741 juxta
748 677 952 734 Dublin,
976 685 1141 725 essent
1159 677 1393 725 Personae

192 759 398 816 habiles,
441 766 579 823 aptae,
616 765 665 806 et
690 759 741 805 in
769 758 903 820 Lege
936 774 1157 821 capaces,
1193 757 1255 804 ad
1286 772 1394 820 per-

197 840 511 901 quirendum,
534 838 834 894 habendum,
861 838 1254 902 percipiendum,
1274 839 1395 884 reci-

193 918 432 982 piendum
480 924 529 964 et
572 917 925 981 possidendum
968 918 1244 972 Manneria,
1276 916 1396 963 Ter-

200 1016 296 1055 ras,
317 1000 648 1055 Tenementa,
667 1006 717 1046 et
732 999 1161 1046 Haereditamenta
1176 1015 1398 1061 quaecun-

193 1096 304 1143 que,
326 1080 442 1135 Sibi,
463 1086 512 1126 et
529 1077 906 1126 Successoribus
922 1080 1018 1125 suis
1035 1080 1085 1125 in
1101 1086 1398 1143 perpetuum

193 1162 289 1225 (ita
301 1160 432 1223 quod
451 1176 552 1207 non
578 1159 880 1207 tenebantur
906 1159 966 1207 de
988 1160 1161 1207 eadem
1187 1159 1396 1221 Regina,

195 1240 492 1295 Heredibus‚
513 1240 590 1287 vel
604 1239 977 1287 Successoribus
998 1241 1098 1287 suis
1114 1239 1400 1287 immediate

195 1322 247 1368 in
267 1321 460 1384 Capite,
484 1321 536 1366 in
557 1319 846 1375 Dominico,
875 1319 953 1366 vel
970 1320 1021 1365 in
1045 1317 1282 1378 Servitio)
1296 1324 1401 1364 tam

194 1401 255 1450 de
287 1401 463 1448 eadem
493 1415 654 1463 nuper
669 1399 879 1462 Regina,
905 1399 1183 1447 Heredibus
1209 1406 1258 1446 et
1287 1400 1402 1446 Suc-

194 1481 468 1530 cessoribus
492 1481 606 1535 suiS‚
639 1495 787 1541 quam
814 1479 874 1526 de
891 1479 1054 1541 aliqua
1071 1480 1168 1527 alia
1182 1479 1405 1527 Persona

195 1562 271 1609 vel
299 1561 534 1608 Personis
563 1559 954 1622 quibuscunque,
996 1560 1059 1606 ad
1088 1561 1403 1607 sustentatio·

194 1657 328 1697 nem,
351 1647 400 1688 et
422 1641 855 1688 manutentionem
873 1640 1091 1704 praedicti
1108 1640 1332 1702 Collegii,
1357 1646 1406 1686 et

196 1721 259 1769 ad
286 1720 586 1776 relevamen,
616 1725 666 1767 et
689 1721 1105 1767 sustentationem
1130 1720 1402 1784 Praepositi,

199 1802 459 1848 Sociorum
486 1806 536 1847 et
563 1799 880 1846 Scholarium
909 1800 1130 1864 praedicti
1161 1800 1403 1862 Collegii:

197 1880 444 1942 Quodque
476 1896 566 1944 per
598 1879 801 1928 Nomen
835 1881 1124 1945 praedictum
1159 1882 1405 1946 prosequi,

194 1961 433 2025 placitare
473 1967 522 2008 et
564 1961 808 2024 placitari,
849 1962 1116 2010 defendere
1153 1969 1204 2010 et
1241 1961 1408 2009 defen-

196 2041 263 2098 di,
315 2041 616 2105 respondere
656 2048 706 2089 et
745 2043 1050 2107 responderi,
1095 2049 1311 2107 possent,
1362 2047 1411 2089 et

195 2122 430 2178 valerent,
483 2123 534 2168 in
583 2122 829 2181 omnibus,
887 2130 937 2171 et
977 2123 1180 2186 singulis
1233 2123 1406 2174 causis,

195 2202 424 2265 querelis,
464 2202 757 2260 actionibus,
788 2203 1018 2261 realibus,
1054 2203 1408 2268 personalibus,
