1458 2455
668 140 758 184 125

121 271 464 335 septimanam,
493 275 751 332 postquam
774 268 833 315 ad
856 266 1136 330 Collegium
1159 266 1313 314 redie-

124 351 202 405 rit,
231 365 444 413 expensa
469 350 519 395 in
546 348 781 395 schedula
806 347 1014 409 quadam
1048 346 1312 410 particula-

123 429 212 475 tim
237 429 420 492 scripta
443 427 505 474 ad
530 428 873 491 Praepositum‚
903 433 989 473 aut
1013 442 1071 472 eo
1091 425 1308 479 absente,

125 506 562 570 Vicepraepositum
590 506 793 562 deferat,
822 505 912 553 sub
929 508 1070 569 poena
1092 505 1313 551 amissio-

124 587 199 632 nis
239 586 531 633 eorundum.
605 586 752 641 Quod
796 587 835 632 si
885 585 1131 648 quispiam
1182 584 1314 630 ultra

124 666 293 727 viginti
317 665 421 712 dies
448 667 495 711 in
522 666 664 712 dictis
691 666 899 727 negotiis
925 664 1150 720 abfuerit,
1169 679 1315 727 pecu-

124 746 258 792 niam
283 745 343 792 ad
362 753 517 792 vestes
533 746 824 793 reficiendas
844 762 934 809 pro
954 752 1059 792 toto
1084 745 1314 792 absentiae

124 831 361 889 tempore,
389 825 659 872 eorundum
680 841 925 872 consensu
941 826 1161 888 recipiat.
1204 824 1314 871 Sta-

125 906 311 952 tuimus
335 907 501 962 etiam,
528 913 580 953 et
598 906 915 961 Ordinamus,
940 912 993 953 ut
1011 921 1124 952 oum
1147 907 1311 969 pestis,

128 991 214 1031 aut
255 984 457 1032 alterius
498 987 771 1047 contagiosi
811 1002 867 1032 ao
913 986 1108 1033 lethalis
1152 986 1313 1033 morbi

125 1067 196 1113 vis
250 1067 448 1128 ingruit,
500 1066 811 1130 Praepositus,
862 1073 948 1113 aut
988 1082 1047 1113 eo
1091 1066 1311 1122 absente,

127 1146 558 1209 Vicepraepositus‚
585 1146 867 1192 convocatis
896 1145 1055 1192 Sociis
1095 1145 1313 1192 Seniori-

124 1227 227 1283 bus,
255 1226 316 1273 de
342 1223 540 1287 majoris
565 1226 718 1289 partis
743 1241 915 1272 eorum
941 1226 1201 1282 sententia,
1229 1242 1313 1289 po-

123 1313 350 1355 testatem
382 1306 540 1353 Sooiis
565 1322 622 1353 ae
651 1306 920 1370 Discipulis
951 1306 1113 1361 faeiat,
1144 1322 1197 1353 se
1229 1323 1313 1353 rus

122 1387 181 1434 ad
206 1386 419 1448 aliquem
446 1394 781 1451 opportunum
809 1388 972 1435 locum
1006 1387 1310 1434 conferendi.

124 1467 272 1523 Quod
327 1469 366 1513 si
416 1469 705 1530 repentinus
753 1469 917 1531 pestis,
973 1475 1059 1515 aut
1106 1467 1313 1530 alicujus

126 1549 319 1595 lethalis
356 1548 513 1595 morbi
551 1555 725 1603 metuS,
766 1549 1014 1604 acciderit,
1053 1550 1122 1596 sio
1165 1557 1219 1596 ut
1261 1551 1312 1596 in

124 1645 277 1675 unum
304 1631 461 1676 eoacti
487 1629 546 1676 de
576 1629 674 1676 vita
709 1636 911 1692 propter
944 1629 1103 1675 morbi
1140 1637 1309 1676 conta-

128 1711 323 1771 gionem
349 1710 704 1773 periclitentur,
734 1716 838 1755 tum
873 1710 1222 1772 permittimus,
1260 1717 1314 1756 ut

124 1790 184 1836 (le
240 1790 580 1853 praedictorum
637 1805 895 1845 consensu,
951 1789 1212 1837 Sociorum
1264 1797 1313 1836 et

125 1869 493 1933 Discipulorum
522 1876 673 1917 coetus
712 1876 813 1916 tam
851 1869 935 1915 diu
968 1869 1310 1926 dissolvantur,

125 1967 271 2012 quam
300 1950 609 2014 Praepositus‚
635 1949 709 1997 vel
737 1966 795 1996 eo
821 1949 1039 2005 absente,
1070 1949 1313 2013 Vioeprae-

126 2032 328 2095 positus,
355 2037 405 2078 et
430 2028 589 2092 major
612 2046 724 2094 pars
753 2029 1017 2076 Seniorum
1046 2032 1313 2078 necessari-

126 2125 209 2155 um
239 2108 550 2172 judicaverit.
625 2109 739 2164 Quo
775 2117 999 2174 tempore
1035 2112 1215 2173 singuli
1252 2112 1313 2159 ad

127 2188 319 2236 diversa
358 2188 467 2235 loca
508 2204 598 2252 pro
643 2187 881 2235 arbitratu
930 2204 1018 2236 suo
1063 2190 1311 2238 secedant.
