1504 2501
743 169 804 214 92

188 318 350 367 porro,
378 308 434 349 ut
468 315 617 348 nemo
659 300 931 357 Sociorum,
973 309 1059 350 aut
1096 296 1374 361 Discipulo-

186 401 297 432 rum
324 391 462 432 extra
486 381 667 429 Aulam
701 382 956 446 prandeat,
1001 390 1236 439 coenetve,
1279 381 1374 428 nisi

187 466 339 530 petita
364 480 392 511 a
417 463 702 526 Praeposito,
743 469 828 509 aut
869 478 927 511 eo
974 463 1190 520 absente,
1231 461 1376 508 Vice-

190 545 472 609 praeposito,
515 542 691 601 venia3
737 544 820 604 qui
868 559 1009 591 secus
1055 543 1240 599 fecerit,
1287 555 1376 604 pro

190 625 400 689 prandio
419 631 505 672 aut
529 625 665 671 coena
689 625 845 672 solvat
859 626 1003 673 toties
1023 625 1227 687 quoties.
1248 622 1378 669 Prae-

191 708 351 770 posito
367 713 535 753 tamen
553 704 720 753 licebit
736 706 951 768 (quoties
968 707 1013 753 ei
1032 707 1189 753 visum
1207 700 1377 763 fuerit)

192 788 244 832 in
269 784 494 833 cubiculo
519 784 797 848 prandium,
824 785 900 832 vel
938 800 1129 832 coenam
1170 797 1379 830 sumere.

196 866 471 913 Hortamur
489 870 673 919 tamen,
694 870 749 910 ut
762 862 812 910 id
826 864 1019 927 parcius
1043 862 1173 910 velit.
1229 860 1384 915 Quin-

195 949 345 995 etiam
385 947 425 993 si
460 943 687 1007 cujusviS,
727 944 804 990 vel
835 943 1143 991 insolentiori
1182 956 1382 989 consue-

196 1028 368 1076 tudine
388 1027 494 1074 vitae
519 1027 650 1072 intra
674 1025 964 1072 domesticos
990 1023 1200 1085 Collegii
1226 1022 1383 1085 parie-

197 1118 285 1164 tes,
334 1114 420 1155 aut
463 1106 593 1162 alibi,
638 1106 713 1153 vel
754 1106 1077 1168 frequentiori
1122 1105 1174 1151 in
1211 1102 1383 1149 urbem

197 1187 574 1236 Dubliniensem
606 1184 926 1249 profectione,
955 1184 1031 1231 vel
1049 1182 1382 1236 tabernarum,

197 1271 297 1316 sive
345 1268 521 1315 aedium
575 1273 915 1330 suspectarum
971 1262 1383 1325 frequentatione,

199 1349 432 1403 evenerit,
459 1353 515 1394 ut
534 1345 814 1407 Collegium
836 1342 1031 1407 publice
1052 1340 1176 1389 male
1197 1340 1384 1393 audiat;

200 1430 461 1484 Volumus,
489 1435 539 1475 et
564 1426 882 1481 Ordinamus,
912 1431 967 1471 ut
992 1425 1031 1470 is
1057 1437 1225 1470 coram
1259 1421 1385 1468 Prae-

200 1512 375 1574 posito,
410 1516 459 1557 et
487 1508 645 1556 Sociis
671 1503 953 1553 Senioribus
978 1504 1172 1558 citatus,
1203 1518 1231 1548 a
1255 1500 1385 1547 Prae-

200 1591 360 1655 posito
388 1604 477 1653 pro
501 1586 659 1651 prima
679 1586 784 1632 vice
804 1584 1134 1631 admoneatur
1172 1587 1385 1628 tantum-

201 1670 364 1725 modo,
392 1676 441 1716 et
465 1669 750 1730 increpetur
775 1664 893 1727 (nisi
918 1664 1107 1710 crimen
1146 1659 1387 1723 ejusmodi

200 1753 364 1807 fuerit,
393 1749 453 1797 de
477 1763 574 1810 quo
599 1752 800 1794 cautum
826 1749 899 1791 est
926 1743 1140 1797 Statuto,
1169 1740 1228 1788 de
1246 1754 1388 1803 poena

203 1830 449 1894 majorum
475 1823 801 1887 criminum);
829 1822 1062 1878 secundo,
1090 1822 1130 1868 si
1169 1819 1389 1866 admoni-

202 1922 281 1961 tus
302 1929 403 1960 non
431 1909 736 1963 abstinuerit,
762 1921 851 1970 per
864 1912 1075 1968 quatuor
1090 1904 1389 1968 septimanas

205 1999 486 2042 commeatu
510 2006 598 2038 suo
622 1989 855 2053 privetur.
927 1985 1075 2041 Quod
1099 1986 1139 2032 si
1171 1985 1219 2031 in
1258 1983 1387 2030 idem

206 2075 393 2121 crimen
419 2072 565 2119 tertio
588 2068 849 2116 incurrisse
868 2066 1158 2120 constiterit,
1181 2063 1388 2127 expella-

205 2161 299 2201 tur.
376 2152 652 2199 Statuimus
689 2149 855 2204 etiam,
884 2152 1031 2208 atque
1069 2145 1385 2195 ordinamus,

205 2242 260 2284 ut
281 2234 428 2289 Socii,
453 2238 501 2280 et
520 2230 781 2295 Discipuli,
804 2227 1193 2282 Commensales,
1232 2239 1389 2272 came·
