1458 2455
715 165 777 210 35

152 304 285 350 tunc,
331 301 381 343 et
431 294 664 359 deinceps
709 295 835 343 bene
882 295 1053 344 liceret
1099 297 1340 361 praedictis

155 378 312 424 Sociis
348 377 410 424 ad
442 383 563 424 tunc
586 377 1030 441 superviventibus,
1061 379 1138 425 vel
1164 376 1341 440 majori

150 456 289 503 Parti
314 456 601 512 eorundem,
631 457 957 521 Praepositum
993 458 1207 520 aliquem
1238 457 1340 504 ido-

149 551 298 583 neum
320 536 518 598 eligere,
541 543 590 583 et
608 538 869 585 nominare
886 538 1014 584 infra
1030 544 1129 585 tres
1145 553 1341 585 menses

147 625 268 662 tunc
302 617 525 679 proxime
557 623 840 678 sequentes:
876 617 978 665 Nos
1006 634 1096 681 pro
1116 618 1190 665 *ea
1222 619 1343 665 cura

149 711 292 757 quam
318 696 616 758 singularem
645 697 886 745 habemus
912 715 1029 760 erga
1053 701 1341 747 universum

152 778 377 840 Regnum
407 778 674 834 Hiberniae,
703 785 752 826 et
777 780 1059 843 specialiter
1084 797 1200 843 erga
1226 781 1339 828 Col-

149 857 329 919 legium
352 857 655 921 praedictum,
683 857 813 905 hanc
838 858 1171 906 Protestatem
1193 866 1341 906 antea

151 952 433 984 concessam
497 937 658 984 Sociis
712 938 927 1001 Collegii
972 941 1197 1004 praedicti
1249 957 1341 1005 pro

149 1025 374 1082 tempore
413 1019 669 1075 existente,
712 1035 824 1066 cum
867 1020 1089 1067 Assensu
1122 1027 1171 1068 et
1209 1021 1340 1069 Con-

151 1113 299 1144 sensu
336 1097 610 1144 eorundem
652 1098 930 1162 Praepositi,
982 1100 1243 1147 Sociorum
1293 1107 1342 1148 et

154 1176 483 1232 Scholarium,
528 1177 787 1225 Nobismet
810 1180 941 1243 ipsis,
971 1179 1265 1237 Hel-edibus,
1293 1187 1343 1227 et
1398 1239 1400 1241 Ι

154 1258 529 1305 Successoribus
563 1259 756 1315 nostris,
793 1261 843 1305 in
866 1267 1162 1324 perpetuum
1187 1277 1342 1308 reser-

148 1337 252 1383 vari
267 1337 510 1392 volumus,
544 1344 594 1384 et
613 1337 925 1385 declaramus
949 1355 1039 1403 per
1062 1347 1338 1403 praesentes,

148 1416 216 1464 Et
239 1417 423 1465 idcirco
449 1418 762 1475 mandamus,
791 1426 847 1467 ut
872 1421 1268 1484 quandocunque
1291 1429 1341 1469 et

150 1496 600 1559 quomodocunque
641 1499 905 1560 contigerit
951 1499 1339 1564 Praeposituram

150 1576 270 1623 dicti
312 1575 523 1639 Collegii
570 1593 789 1637 vacare3
829 1585 879 1626 et
918 1579 1339 1643 Vicepraepositus

152 1657 203 1702 in
245 1656 470 1719 Collegio
513 1674 601 1721 pro
663 1665 889 1723 tempore
949 1658 1190 1707 existente
1237 1662 1338 1724 (vel

150 1752 208 1783 eo
258 1736 459 1784 absente
526 1738 702 1785 Socius
761 1740 980 1785 maxime
1035 1739 1202 1785 senior
1255 1743 1338 1802 qui

151 1816 285 1863 domi
316 1817 489 1877 fuerit)
525 1820 836 1866 vacationem
890 1820 1058 1866 statim
1097 1821 1340 1881 significet

152 1895 466 1944 Cancellario
512 1898 797 1945 Academiae
842 1900 943 1946 sive
992 1899 1339 1948 Universitatis

149 1976 386 2040 praedictae
411 1993 501 2041 pro
525 1985 748 2041 tempore
774 1979 1030 2038 existente,
1057 1986 1106 2027 et
1131 1980 1338 2028 Cancel-

149 2056 314 2112 larius,
343 2057 526 2119 absque
551 2058 708 2112 mora,
734 2058 981 2107 nobismet
1010 2061 1144 2124 ipsis,
1182 2060 1337 2108 Here-

150 2136 303 2194 dibus,
327 2137 404 2185 vel
433 2138 811 2186 Successoribus
836 2142 1032 2197 nostriS,
1059 2144 1335 2190 renunciet.

151 2215 380 2266 Durante
416 2234 532 2267 vero
573 2220 848 2277 vacatione,
894 2228 945 2269 et
988 2222 1147 2270 donec
1182 2239 1338 2271 novus
