1458 2455
687 170 749 215 33

124 301 471 350 Visitatoribus
504 301 713 363 Collegii
751 303 778 345 ὲ
818 298 971 347 Nobis
1008 301 1058 347 in
1098 301 1307 348 Statutis

121 382 299 428 nostris
352 389 401 427 et
458 379 586 426 infra
642 379 925 435 nominatis,
972 381 1305 441 unusquisque

120 477 290 508 eorum
319 459 661 523 juramentum
688 460 739 505 in
763 474 815 506 se
851 461 1073 523 recipiat,
1112 462 1182 508 uti
1215 477 1304 508 suo

118 542 278 588 ordini
335 543 669 605 praescriptum
726 539 937 587 habetur
992 542 1040 587 in
1093 540 1303 588 Statutis

116 623 332 669 nostris:
388 622 482 668 nisi
541 621 671 684 quod
725 621 778 666 in
823 617 1120 680 juramento·
1168 620 1304 668 Socii

117 701 448 756 concedimus,
487 716 576 764 pro
610 700 700 746 hec
740 701 844 747 vice
888 706 1098 754 tantum,
1143 699 1302 746 Sociis

115 796 249 827 nunc
273 779 607 835 existentibus,
636 787 686 826 et
703 779 1007 826 beneficiatis
1023 776 1169 840 juxta
1192 779 1302 826 Sta-

115 868 222 908 tuta
246 878 349 923 quae
374 861 612 907 hactenus
637 859 961 906 obtinuerunt
980 860 1030 905 in
1052 858 1294 921 Collegio,

115 949 169 988 ut
183 942 267 988 illa
283 941 519 989 Clausula
538 942 797 988 omittatur
812 942 1055 1002 (profiteor
1073 956 1145 986 me
1167 943 1299 986 insu-

104 1039 195 1083 per
209 1023 396 1068 nullum
410 1025 601 1068 omnino
619 1022 986 1067 ecclesiasticum
998 1020 1298 1079 Beneficium

94 1103 211 1160 jam
224 1100 512 1163 possidere.)
583 1100 933 1148 Visitatoribus
952 1116 1067 1148 vero
1087 1100 1298 1163 Collegii

113 1188 406 1246 potestatem
449 1189 499 1228 et
533 1182 785 1229 licentiam
824 1182 1157 1237 concedimus,
1205 1198 1294 1245 pro

111 1262 205 1308 hec
251 1263 371 1317 vice,
423 1261 766 1324 juramentum
814 1261 1192 1308 administrandi
1243 1263 1295 1308 in

110 1342 205 1389 hoc
240 1357 371 1397 casu,
412 1348 521 1405 post
558 1341 687 1388 hanc
716 1342 874 1388 vicem
910 1356 1039 1396 vero,
1081 1341 1292 1388 eandem

109 1428 402 1485 potestatem
423 1421 740 1468 concedimus
761 1421 1045 1484 Praeposito,
1074 1428 1123 1468 et
1143 1421 1290 1468 Vice-

107 1503 363 1566 praeposito
411 1500 619 1563 Collegii
668 1501 804 1564 (cum
845 1502 948 1564 ipse
996 1501 1291 1565 Praepositus

99 1581 444 1645 juramentum
494 1583 545 1628 in
599 1598 650 1629 se
710 1589 999 1645 recepturus
1051 1583 1138 1644 sit)
1199 1598 1288 1646 pro

105 1671 328 1725 tempore
354 1663 608 1716 existente,
650 1668 706 1707 ut
731 1659 1019 1722 juramenta
1044 1660 1212 1706 omnia
1241 1667 1290 1706 et

105 1742 297 1804 singula
349 1743 398 1787 in
453 1741 663 1788 Statutis
710 1741 891 1787 nostris
940 1741 1176 1801 requisita
1240 1748 1289 1787 et

104 1822 396 1884 praescripta,
435 1820 567 1867 licite
603 1820 963 1874 administrare,
994 1826 1043 1866 et
1074 1819 1283 1874 valeant,

105 1907 154 1947 et
179 1901 365 1963 possint
390 1915 477 1963 per
495 1906 770 1963 praesentes.

170 1981 321 2029 CUM
357 1996 472 2027 vero
508 1981 630 2027 varii
666 1979 823 2027 Casus
859 1979 1041 2026 oboriri
1078 1981 1280 2043 possint,

103 2079 224 2124 quos
260 2078 432 2110 omnes
463 2062 681 2108 humana
714 2060 977 2124 prudentia
1001 2061 1282 2124 prospicere

102 2143 311 2204 nequit3
352 2141 534 2188 idcirco
581 2140 821 2195 volumUS,
866 2154 923 2186 ac
958 2155 1047 2203 per
1078 2155 1282 2202 praesen-

102 2231 174 2268 tes
199 2238 288 2285 pro
313 2221 478 2277 Nobis,
508 2219 803 2276 Heredibus,
831 2225 880 2267 et
907 2217 1282 2267 Successoribus

665 2315 691 2346 c
716 2302 746 2347 3
