1504 2501
783 161 873 205 188

236 292 551 340 Pontificiam
590 291 691 338 sive
718 288 1282 338 Romano-Catholicam
1314 306 1422 354 pro-

235 373 453 429 fitentur,
487 373 537 420 in
569 387 834 419 numerum
860 370 1190 419 studiosorum
1216 371 1266 417 in
1291 369 1423 417 dicto

237 452 461 514 Collegio
486 450 680 499 admitti
707 457 854 513 atque
878 449 1056 513 gradus
1080 450 1131 496 in
1147 447 1278 496 dicta
1297 449 1422 496 Aca-

236 531 399 579 demia
430 530 677 590 obtinere)
710 529 1068 594 impedimenta
1097 529 1276 591 aliqua,
1313 545 1421 591 quae

235 612 351 660 huic
365 613 436 660 rei
452 627 540 676 per
553 617 737 658 statuta
748 609 1067 657 Parliamenti
1083 608 1419 664 adversantur,

234 708 261 740 e
286 692 449 740 medio
475 707 730 748 amovere;
757 697 806 739 et
839 706 952 739 cum
1001 692 1054 738 in
1098 690 1232 737 hunc
1271 690 1422 736 finem

236 792 323 840 per
348 775 560 824 eundem
587 781 753 822 actum
777 772 1029 838 provisum
1054 773 1131 828 sit,
1158 777 1214 819 ut
1232 771 1422 818 nemini

235 855 453 920 posthaec
499 855 835 903 necessarium
874 854 937 900 sit
980 851 1160 915 gradus
1196 852 1251 898 in
1292 850 1423 898 dicta

237 934 509 982 Academia
532 933 775 981 obtinenti
800 931 1186 980 declarationem
1205 930 1422 993 aliquam

236 1016 417 1064 factam
457 1015 728 1079 subscripta
758 1029 911 1061 manu
941 1013 1127 1068 testari,
1172 1016 1257 1058 aut
1287 1008 1423 1072 jura-

236 1104 460 1145 mentum
477 1095 674 1159 aliquod
683 1101 928 1160 praestare,
944 1093 1161 1157 exceptis
1171 1090 1424 1154 juramen-

237 1178 298 1224 tis
323 1184 372 1224 et
396 1176 729 1224 declaratione
749 1190 837 1239 per
860 1173 1048 1222 dictum
1064 1173 1248 1220 Actum
1263 1171 1423 1233 requi-

236 1259 369 1305 sitis:
402 1257 580 1306 Sciatis
613 1272 730 1318 ergo
766 1255 898 1318 quod
922 1254 1042 1313 Nos,
1072 1270 1162 1318 pro
1204 1253 1264 1301 ea
1304 1253 1423 1300 cura

238 1352 387 1399 quam
425 1335 725 1398 singularem
766 1334 1007 1382 habemus
1045 1349 1164 1395 erga
1204 1332 1423 1380 subditos

238 1424 433 1465 nostros
457 1419 541 1478 qui
564 1415 856 1478 religionem
872 1414 1189 1461 Pontificiam
1206 1414 1307 1460 sive
1325 1412 1425 1460 Ro-

241 1495 725 1545 mano-Catholicam
762 1494 1076 1558 profitentur,
1110 1500 1160 1541 et
1189 1500 1244 1540 ut
1274 1493 1425 1541 iidem

239 1579 290 1624 in
318 1577 449 1624 dicto
474 1575 700 1638 Collegio
725 1581 895 1622 nostro
920 1581 969 1622 et
994 1575 1047 1621 in
1077 1573 1208 1621 dicta
1232 1573 1425 1621 Acade-

241 1658 343 1705 mia
382 1658 522 1705 bonis
559 1656 746 1704 artibus
786 1662 836 1704 et
872 1656 1027 1704 literis
1068 1656 1423 1713 instituantur;

243 1739 517 1786 Statuimus
543 1743 591 1784 et
607 1735 908 1791 ordinamus,
927 1734 1057 1797 quod
1073 1733 1303 1781 omnibus
1317 1732 1426 1780 sub-

243 1819 356 1866 ditis
375 1818 569 1874 nostris,
592 1816 674 1878 qui
690 1815 978 1877 religionem
995 1814 1309 1861 Pontificiam
1326 1814 1426 1860 sive

244 1894 812 1944 Romano-Catholicam
852 1894 1162 1957 profitentur,
1194 1892 1341 1939 liceat
1378 1898 1428 1939 et

245 1979 477 2041 deinceps
512 1976 681 2024 licebit
711 1976 763 2022 in
801 1974 987 2022 dictum
1026 1973 1303 2035 Collegium
1346 1971 1427 2019 ad-

240 2058 391 2111 mitti,
457 2063 602 2118 atque
661 2054 840 2118 gradus
880 2055 931 2101 in
981 2052 1113 2101 dicta
1156 2052 1428 2100 Academia

249 2136 488 2192 obtinere,
542 2137 772 2200 praestitis
819 2136 957 2200 prius
1003 2133 1241 2182 omnibus
1293 2149 1428 2181 exer-

248 2217 376 2263 citiis
401 2232 488 2280 per
514 2216 644 2279 leges
670 2223 719 2265 et
742 2214 1122 2265 consuetudines
1147 2213 1427 2262 Academiae
