1458 2455
655 162 710 207 61

89 295 138 338 et
155 289 206 337 hi
225 295 427 354 septem,
458 289 585 338 Socii
610 291 837 340 Senior-es
856 298 1107 341 vocentur.
1169 293 1275 344 Ho-

86 386 196 418 rum
227 376 394 418 autem
433 371 721 428 authoritas,
750 374 908 434 qualis
942 389 1046 421 esse
1080 373 1273 431 debeat,

85 451 266 515 partim
302 450 396 507 hic,
425 457 474 498 et
510 452 690 514 partim
736 452 844 499 aliis
880 454 1027 500 variis
1069 454 1274 501 Statutis

86 530 296 592 Collegii
351 531 630 594 exponitur.
703 531 948 588 Volumus
1003 534 1167 595 igitur,
1218 539 1274 581 ut

84 609 400 674 Praepositus,
438 616 487 658 et
519 611 697 658 horum
741 611 1001 659 Seniorum
1035 628 1149 676 pars
1172 629 1274 660 ma-

78 688 160 752 jor
213 691 418 755 (nempe
474 692 710 754 quatuor)
766 692 976 757 Collegii
1030 694 1272 756 regimen,

85 770 350 818 electiones
376 787 547 819 omnes
576 772 844 830 Sociorum,
887 772 1271 829 Officiariorum,

83 849 468 914 Discipulorum‚
481 858 530 899 et
545 851 888 900 Ministrorum
905 852 1130 915 Collegii,
1150 852 1276 900 Gra-

86 931 337 993 duumque
379 932 666 979 collationes
713 933 952 980 definiant
994 939 1043 980 et
1078 932 1275 980 conclu-

87 1009 220 1057 dant.
283 1010 339 1057 In
361 1010 534 1072 quibus
560 1012 788 1058 omnibus
813 1012 1120 1069 definiendis,
1144 1013 1276 1060 Prae-

86 1091 316 1154 positum,
353 1097 439 1138 aut
471 1106 529 1138 eo
575 1091 790 1148 absente,
834 1092 1275 1157 Vicepraepositum

85 1186 240 1217 unum
261 1186 457 1235 semper
476 1187 579 1219 esse
600 1172 857 1219 Volumus.
910 1173 968 1220 In
988 1174 1274 1222 dimissione

86 1257 252 1298 autem
301 1258 562 1309 terrarum,
603 1260 689 1300 aut
734 1260 1152 1313 tenementorum,
1192 1255 1276 1302 do-

85 1345 318 1378 muumve
360 1331 422 1378 ad
466 1333 676 1388 firmam,
720 1339 770 1380 et
794 1333 1022 1381 omnibus
1065 1334 1171 1381 aliis
1198 1334 1274 1381 In-

85 1413 372 1459 strumentis
422 1413 674 1470 faciendis,
716 1430 818 1476 quae
859 1415 1027 1477 sigillo
1064 1414 1275 1477 Collegii

85 1491 356 1539 munienda
374 1499 502 1549 sunt,
531 1493 652 1539 nihil
674 1509 891 1556 unquam
912 1496 1012 1551 fiat,
1041 1496 1136 1542 nisi
1161 1510 1275 1542 con-

85 1573 345 1628 sentiente,
374 1579 422 1619 et
455 1574 754 1635 suffragante
792 1574 1096 1637 Praeposito3
1125 1580 1211 1621 aut
1234 1574 1274 1621 si

87 1652 187 1707 fiat,
206 1669 295 1716 pro
311 1654 449 1701 irrito
465 1654 721 1701 habeatur.
804 1654 950 1709 Quod
962 1656 1274 1717 sicontigerit

88 1750 244 1781 unum
291 1735 367 1782 vel
412 1736 578 1799 plures
625 1752 651 1783 e
702 1735 859 1783 Sociis
912 1736 1201 1785 Senioribus
1244 1754 1274 1785 a

89 1814 312 1877 Collegio
345 1814 548 1878 peregre
584 1816 766 1871 abesse,
802 1816 878 1863 vel
903 1817 1066 1862 minus
1090 1816 1270 1874 valere,

89 1910 203 1941 cum
237 1911 314 1942 res
357 1894 574 1957 ejusdem
614 1896 823 1958 Collegii
862 1897 1122 1944 Sociorum
1158 1914 1272 1946 con-

88 1982 289 2023 ventum
337 1977 586 2040 postulare
628 1977 924 2040 Praepositus
957 1975 1266 2039 judicaverit,

87 2071 325 2103 numerus
367 2059 673 2121 septenarius
709 2073 736 2104 e
775 2057 933 2105 Sociis
979 2057 1268 2106 Junioribus

87 2149 177 2196 pro
213 2134 297 2181 illa
320 2136 425 2183 vice
451 2137 738 2200 completor.
811 2136 877 2183 Et
900 2136 1030 2184 hanc
1054 2153 1268 2201 assump-

87 2214 275 2263 tionem
322 2217 428 2266 fieri
476 2219 701 2267 volumus
748 2234 943 2283 semper
990 2217 1263 2266 secundum
