1458 2455
645 179 706 224 65

90 331 170 362 rus
212 314 274 360 sit
314 312 482 366 haeres‚
532 307 673 372 cujus
719 308 976 356 haered'itas
1026 321 1271 354 summam

88 394 258 456 viginti
284 391 539 439 Librarum
568 390 844 446 excesserit,
873 390 923 436 in
948 389 1081 435 hunc
1102 403 1273 435 nume-

89 490 196 522 rum
223 479 497 537 cooptetur.
570 471 735 518 Nemo
761 472 910 518 etiam
937 470 1160 531 eligatur,
1189 468 1271 530 qui

88 571 186 603 non
211 555 274 601 sit
298 553 360 600 ad
384 552 619 614 Logicam
646 552 696 599 in
724 552 837 599 aul&
862 549 1146 598 discendam
1172 548 1273 595 ido-

87 651 222 683 neus.
263 634 378 681 Post
402 633 715 690 electionem,
743 632 1271 696 quamprimum'com-

88 716 232 763 mode
285 715 391 762 fieri
423 720 602 778 potest,
645 730 675 760 a
718 712 999 776 Praeposito,
1046 707 1274 757 omnibus

88 793 398 842 Electoribus
422 792 757 858 praesentibus,
792 793 844 838 in
884 789 1167 854 Discipulos
1192 786 1274 834 ad-

88 879 362 924 mittantur.
433 875 679 939 Discipuli
704 881 869 922 autem
903 871 1162 936 stipendia,
1191 885 1275 916 ne·

90 973 171 1004 mo
197 956 379 1003 (liutius
405 956 630 1019 accipiat,
665 969 814 1017 quam
852 953 1009 1000 donec
1047 950 1275 1012 Magistri

90 1052 141 1098 in
165 1050 369 1098 Artibus
392 1050 599 1112 gradum
625 1047 832 1111 adeptus
855 1046 1018 1100 fuerit,
1061 1050 1147 1091 aut
1188 1058 1277 1107 per

88 1132 218 1193 leges
249 1129 533 1178 Academiae
578 1128 781 1193 adipisci
822 1126 1056 1192 potuerit,
1099 1130 1186 1171 aut
1220 1123 1274 1169 in

94 1212 296 1261 Socium
322 1211 546 1274 eligatur.

500 1566 738 1616 CAPUT
781 1565 863 1613 VI.

352 1751 710 1786 JURAMENTUM
746 1749 1023 1781 DISCIPULI.

95 1918 125 1939 ‘⁶
152 1903 312 1960 EGO
349 1908 417 1957 N.
456 1908 544 1964 N.,
572 1907 755 1955 electus
780 1907 831 1952 in
849 1904 1280 1953 numerumDisci-

95 1999 125 2020 “
150 1991 382 2055 pulorum
427 1986 577 2049 hujus
627 1985 856 2048 Collegii,
899 1991 1068 2032 sancte
1110 2000 1279 2031 coram

95 2080 126 2101 ‘⁶
150 2072 261 2119 Deo
286 2070 536 2134 profiteor,
562 2083 642 2114 me
668 2067 876 2129 Regiam
903 2066 1278 2113 Authoritatem

95 2161 125 2181 “
154 2150 466 2200 Serenissimi
523 2164 657 2196 nunc
715 2148 864 2210 Regis
1107 2160 1279 2193 secun-

98 2237 126 2260 “
153 2232 271 2280 dum
321 2230 485 2279 Deum
540 2244 784 2276 summam
838 2243 956 2285 esse,
1010 2228 1061 2274 in
1116 2226 1279 2288 regnis
