1458 2455
615 175 698 217 {Ol

68 307 296 356 mulctari
321 304 558 352 volumus.
629 302 821 350 Decani
839 309 1003 349 autem
1022 300 1244 363 Collegio

67 407 129 438 ne
165 387 311 436 simul
347 386 521 440 absint,
553 385 645 430 nisi
675 384 961 446 gravissim&
994 381 1053 428 (le
1083 382 1243 434 causa,

67 472 218 531 eaque
256 467 284 515 ὲ
323 466 608 530 Praeposito,
648 465 724 511 vel
758 479 816 510 eo
853 463 1068 517 absente,
1104 461 1247 507 Vice-

66 549 342 613 praeposito,
390 561 503 594 cum
560 543 735 606 majori
791 550 931 607 parte
991 542 1245 588 Sociorum

72 629 334 676 Seniorurn
383 624 715 690 approbanda.
788 623 1018 683 Denique
1066 636 1094 666 a
1121 620 1248 667 -Col-

66 710 193 771 legio
217 713 393 755 neuter
417 697 651 760 discedat,
685 705 776 750 nisi
802 703 954 749 fidum
976 708 1024 748 et
1049 700 1249 762 diligen-

66 801 168 841 tem
191 793 513 856 Deputatum,
542 789 570 836 a
594 789 881 852 Praeposito,
908 787 982 834 vel
1007 803 1064 833 eo
1082 786 1249 833 absen-

69 881 131 929 te,
161 871 552 936 Vicepraeposito
578 867 949 932 approbandum
975 867 1253 922 substituat,

70 951 271 1014 ejusque
317 951 518 998 nornine
554 951 603 995 in
644 948 875 1010 Registro
917 948 1014 1010 (uti
1053 949 1101 993 in
1134 947 1242 994 Sta-

69 1039 177 1080 tuto
213 1032 274 1079 de
309 1031 443 1078 exitu
489 1045 515 1077 e
564 1028 786 1089 Collegio
834 1027 1115 1073 ordinatum
1153 1027 1249 1085 est)

71 1111 364 1177 conscripto.
434 1107 678 1156 Volumus
705 1107 920 1169 insuper,
955 1112 1003 1152 et
1039 1105 1251 1152 Ordina-

72 1208 196 1248 muS,
234 1198 290 1238 ut
320 1190 640 1238 Decanorum
666 1186 788 1233 alter
814 1202 926 1233 cum
954 1185 1143 1232 duobus
1168 1192 1253 1231 aut

70 1272 225 1319 tribus
272 1287 299 1318 e
344 1270 502 1318 Sociis
543 1269 609 1332 (si
654 1268 723 1314 ita
763 1266 833 1312 illi
874 1267 1031 1312 visum
1080 1264 1252 1323 fuerit)

71 1353 272 1416 singulis
311 1351 612 1415 Septimanis
654 1354 729 1395 ter
761 1347 822 1394 ad
851 1349 1112 1394 minimum
1143 1348 1255 1395 Dis-

74 1433 350 1497 cipulorum
377 1445 612 1485 cameras,
640 1428 871 1490 quaihora
887 1428 1142 1491 placuerit,
1169 1428 1256 1475 sed

73 1513 313 1577 praecipue
344 1511 533 1574 vesperi
564 1517 674 1573 post
704 1524 909 1563 coenam,
950 1515 1065 1555 ante
1093 1509 1255 1555 somni

75 1592 301 1657 capiendi
314 1599 509 1654 tempus
524 1591 715 1645 invisat,
745 1595 797 1635 ut
824 1604 883 1635 an
912 1589 1043 1635 intus
1067 1589 1179 1643 sint,
1207 1594 1257 1634 et

76 1672 321 1734 quomodo
345 1686 396 1718 se
420 1677 593 1733 gerant
612 1669 852 1732 discipuli,
871 1669 1126 1730 intelligat.
1202 1668 1255 1715 Si

77 1767 197 1813 quos
222 1750 297 1797 vel
327 1749 494 1796 abesse
531 1765 560 1795 a
588 1749 796 1795 cameris
828 1749 943 1800 suis,
978 1748 1051 1794 vel
1084 1749 1257 1794 immo-

77 1831 275 1885 destiUS,
303 1830 378 1876 vel
402 1835 575 1876 contra
586 1828 740 1875 bonos
757 1845 917 1875 mores
932 1830 1049 1875 sein
1066 1829 1253 1883 iisdem,

78 1917 163 1958 aut
188 1910 302 1957 alibi
326 1925 510 1972 gerere,
540 1915 625 1955 aut
648 1909 977 1971 negligentius
1003 1910 1053 1955 in
1084 1909 1258 1956 studiis

77 1991 261 2037 versari
286 1989 681 2053 deprehenderit,
704 1989 870 2037 licebit
886 1991 929 2036 ei
951 2006 1037 2053 pro
1055 1990 1257 2037 arbitrio

79 2069 417 2131 delinquentes
432 2069 624 2132 punire,
642 2069 735 2115 nisi
757 2069 817 2117 de
832 2086 987 2133 poenae
1003 2072 1254 2132 qualitate,

80 2156 129 2197 et
153 2165 347 2212 genere,
374 2148 515 2196 aliter
540 2149 589 2194 in
618 2147 827 2196 Statutis
853 2152 1100 2213 provisum
1129 2154 1233 2199 erit„
