1458 2455
633 185 725 229 183

158 314 220 362 Π.
249 315 523 379 Completis
548 314 763 376 quinque
789 315 930 361 annis
955 329 984 361 a
1006 312 1275 361 Bacealau-

87 402 242 451 reatu,
283 397 365 456 qui
403 401 658 458 susceptus
682 402 789 442 erat
812 400 1063 458 praeeunte
1087 393 1275 441 Bacca-

90 475 317 523 laureatu
340 477 393 522 in
417 475 636 522 Artibus.

153 556 242 604 III.
270 556 500 612 Quatuor
538 557 700 603 Annis
743 555 1001 619 compJetis
1038 571 1068 602 a
1090 554 1275 601 Bacca-

86 636 325 693 laureatu,
359 638 440 698 qui
473 642 731 699 susceptus
769 641 876 682 erat
900 636 1151 698 praeeunt'e
1172 633 1276 680 Ma-

99 719 284 780 gisterii
310 719 360 765 in
385 717 588 764 Artibus
613 715 782 778 gradu.

316 903 560 935 FORMULA
585 902 682 933 PRO
709 901 872 933 PRIMO
899 900 1056 932 MODO.

92 1039 173 1098 R.
200 1049 263 1097 R.
290 1049 745 1105 Viae-cancellarie,
800 1048 1027 1110 Totaque
1073 1047 1280 1095 Univer-

88 1134 220 1187 sitas,
270 1130 515 1193 supplicat
570 1129 880 1177 Reverentiis
935 1128 1108 1174 vestris
1139 1126 1200 1175 N.
1218 1127 1279 1174 N.

90 1219 147 1261 ut
191 1228 274 1259 sex
307 1211 425 1257 anni
457 1225 486 1256 a
509 1215 736 1273 suscepto
769 1207 1185 1260 Baccalaureatfis
1230 1208 1283 1253 in

92 1290 344 1340 Medicinsst
373 1288 543 1350 gradu,
584 1288 817 1352 completi
851 1289 903 1334 in
940 1286 1101 1334 studio
1127 1285 1283 1333 Medi-

93 1375 228 1427 cinae,
248 1370 349 1418 un&
373 1386 501 1425 cum,
528 1370 620 1416 «Sco.
641 1369 888 1416 sufficiant
907 1367 952 1415 ei
971 1366 1032 1414 ad
1047 1366 1286 1431 incipien-

99 1452 215 1499 dum
233 1452 283 1497 in
308 1449 574 1497 Medicina.

416 1619 512 1650 PRO
545 1619 598 1649 SE
608 1617 775 1649 CUNDO
801 1614 957 1647 MODO.

100 1757 165 1814 N
175 1803 186 1814 .
217 1764 615 1814 SUPPLICAT
639 1770 695 1811 ut
719 1763 934 1825 quinque
955 1761 1089 1809 Anni
1113 1759 1141 1808 ἓῑ
1158 1759 1284 1808 Bac-

96 1845 383 1893 calaureatu
409 1845 670 1898 sufficiant,
698 1844 790 1890 διο.

455 2027 550 2057 PRO
577 2026 635 2056 TE
645 2025 755 2055 RTIO
781 2023 929 2055 MODO.

98 2161 181 2222 N.
212 2172 607 2222 SUPPLICAT
633 2178 689 2219 ut
713 2177 921 2233 quatuor
952 2170 1070 2219 anni
1103 2168 1132 2218 ὸ
1159 2169 1284 2218 Bac-

104 2260 405 2318 calaureatu,
430 2259 522 2305 &c.
544 2256 802 2312 sufficiant,
829 2256 920 2303 &c.
