1458 2455
640 169 704 220 27

74 296 123 337 et
147 292 326 348 mixtis,
356 293 406 339 in
433 294 661 342 omnibus
687 295 867 353 Curiis,
891 303 995 344 tam
1016 304 1261 360 tempora-

73 369 215 428 libus,
232 386 379 431 quam
404 375 756 437 spiritualibus,
777 376 906 424 infra
922 378 1109 425 dictum
1137 377 1267 439 Reg-

71 464 191 495 num
209 449 473 509 Hiberniae,
493 454 568 501 vel
589 455 719 512 alibi,
747 471 805 504 ac
828 457 890 503 ad
916 472 988 513 ea,
1017 463 1066 504 et
1080 457 1264 513 omnia,

74 534 123 576 et
141 530 334 592 singula
352 532 449 580 alia
473 534 678 596 agenda,
700 535 943 592 facienda,
963 542 1012 583 et
1026 537 1266 599 recipien-

76 608 152 665 da,
186 619 348 674 prout,
385 620 434 660 et
464 615 516 660 in
548 615 723 663 eodem
762 617 927 673 modo,
967 632 1065 679 quo
1103 617 1267 663 caeteri

76 694 225 757 Ligaei
250 695 470 759 ejusdem
490 715 650 763 nuper
669 700 871 763 Reginae
909 701 1145 748 Personae
1185 700 1270 747 ha-

77 775 197 823 biles
214 783 263 824 et
278 779 329 824 in
346 778 478 841 Lege
498 796 719 844 capaces,
735 781 864 828 infra
887 781 1016 829 idem
1033 781 1266 843 Regnum

80 857 349 914 Hiberniae,
371 860 446 907 vel
467 861 596 918 alibi,
619 868 739 910 tunc
762 863 986 918 fecerint,
1007 862 1085 909 vel
1106 861 1268 908 facere

78 945 292 1001 possent,
311 941 362 986 in
379 941 606 988 omnibus
624 942 769 990 Locis
785 949 834 990 et
849 942 1014 990 Curiis
1029 941 1271 1005 praedictis

80 1026 129 1066 et
147 1035 314 1068 coram
335 1022 564 1069 omnibus
582 1023 614 1070 J
621 1025 895 1080 usticiariis,
919 1029 968 1070 et
989 1022 1019 1069 J
1027 1021 1266 1076 udicibus,

84 1101 157 1148 vel
182 1116 354 1148 eorum
381 1102 639 1164 aliquibus.

144 1180 240 1227 ET
267 1181 629 1231 ULTERIUS
667 1184 841 1232 eadem
873 1199 1034 1248 nuper
1075 1183 1271 1245 Regina

76 1276 164 1323 per
177 1260 333 1308 dictas
363 1261 557 1310 Literas
581 1280 696 1312 suas
720 1271 946 1329 patentes
970 1264 1195 1318 voluerit,
1225 1270 1273 1310 et

79 1340 392 1398 ordinaverit,
412 1359 469 1390 ac
483 1360 573 1408 pro
593 1344 674 1399 Se,
693 1345 987 1401 Heredibus,
1001 1351 1050 1392 et
1069 1345 1274 1391 Succes-

84 1422 273 1470 soribus
297 1425 412 1481 suis,
440 1427 737 1474 concesserit
752 1426 962 1491 praefatis
982 1425 1268 1488 Praeposito,

86 1503 260 1559 Sociis,
313 1510 363 1551 et
419 1504 747 1562 Scholaribus,
793 1511 844 1553 et
896 1502 1271 1552 Successoribus

83 1584 209 1643 suis3
246 1583 394 1639 Quod
438 1586 531 1649 ipsi
575 1585 635 1633 de
678 1591 853 1632 caetero
884 1585 936 1632 in
973 1589 1271 1648 perpetuum

82 1663 322 1712 haberent
369 1681 634 1714 commune
675 1666 919 1728 Sigillum,
961 1665 1023 1712 ad
1061 1663 1272 1725 Negotia

84 1758 172 1789 sua
200 1742 346 1806 juxta
368 1752 612 1805 tenorem,
649 1753 699 1794 et
735 1761 902 1793 veram
940 1745 1270 1792 intentionem

86 1821 330 1870 dictarum
381 1824 663 1872 Literarum
721 1826 997 1889 patentium
1049 1822 1267 1886 ejusdem

86 1916 243 1965 nuper
270 1902 487 1966 Reginae,
536 1905 911 1962 deserviturum,
954 1911 1103 1969 prout
1138 1905 1269 1952 Prae-

85 1983 261 2045 posito,
305 1989 354 2029 et
393 1982 569 2045 majori
610 1984 751 2031 Parti
798 1984 1062 2032 Sociorum
1109 1984 1268 2031 visum

86 2061 243 2109 foret:
283 2061 598 2110 Concesserit
648 2065 864 2127 insuper,
910 2080 969 2111 ac
1012 2064 1266 2111 licentiam

87 2140 277 2189 dederit
316 2142 489 2190 eadem
526 2159 686 2207 nuper
716 2143 911 2206 Regina
946 2159 1035 2207 per
1070 2142 1267 2190 easdem

86 2223 278 2273 Literas
313 2242 425 2274 suas
456 2234 696 2291 patentes,
732 2227 946 2292 praefatis
977 2228 1266 2292 Praeposito,

652 2324 678 2356 c
699 2310 729 2354 2
