1504 2501
757 174 821 223 66

201 313 233 336 “
259 308 469 372 Angliae,
500 306 698 365 Scotiae,
726 314 775 356 et
799 307 1056 355 Hiberniae
1095 322 1377 369 agnoscere,

200 396 230 418 “
256 396 305 437 et
322 389 505 437 nullius
526 389 713 436 externi
730 387 986 452 Principis,
1006 393 1092 434 aut
1111 387 1378 442 Pontificis,

200 478 231 499 “
255 470 486 535 potestati
510 468 788 516 obnoxiam.
858 469 889 516 J
894 467 1043 516 URO
1063 469 1227 524 etiam,
1251 465 1380 529 quod

199 559 229 579 “
260 552 469 600 Statutis
511 549 721 612 Collegii
761 549 973 596 libenter
1010 546 1378 612 obtemperabO,

198 639 229 660 “
254 639 304 680 et
328 648 387 680 ea
408 631 469 679 ab
494 631 601 679 aliis
625 630 928 678 observanda
946 630 1210 693 (quantum
1231 629 1283 674 in
1301 641 1382 674 me

198 721 226 742 ‘⁶
252 716 345 775 est)
365 712 561 761 curabo.
602 712 908 760 Scholastica
926 711 1160 759 exercitia
1173 708 1379 772 singula,

199 801 230 821 “
255 794 524 858 Discipulis
549 794 599 840 in
630 794 841 841 Statutis
859 791 1099 855 injuncta,
1124 791 1384 852 diligenter

200 881 231 901 “
255 873 499 938 praestabo
522 891 533 920 ε
562 880 612 921 et
635 875 675 920 si
700 889 819 920 cura
842 872 966 919 mihi
989 871 1209 918 muneris
1235 869 1383 916 alicu-

199 961 230 980 “
248 952 330 1015 jus
350 953 565 1000 obeundi
589 953 641 999 in
663 953 874 1014 negotiIs
906 951 1116 1012 Collegii
1153 949 1387 996 adminis-

200 1040 230 1060 “
255 1033 443 1081 trandis
471 1033 734 1081 commissa
750 1031 914 1087 fuerit,
942 1031 1001 1078 ea
1024 1029 1237 1077 studiose
1277 1043 1386 1093 per-

201 1121 232 1142 “
256 1114 450 1176 fungar.
522 1114 733 1176 Collegii
775 1120 825 1161 et
871 1111 1178 1175 singulorum
1225 1110 1277 1156 in
1324 1123 1384 1156 eo

201 1203 232 1223 “
258 1196 580 1253 studentium,
621 1195 888 1260 praesertim
916 1191 1187 1257 Praepositi,
1211 1196 1262 1237 et
1296 1188 1385 1237 So-

201 1283 233 1304 “
258 1277 446 1324 ciorum
468 1276 733 1323 Seniorum
752 1274 978 1329 salutem,
1007 1279 1056 1319 et
1075 1271 1381 1333 dignitatem,

201 1364 232 1385 “
256 1373 447 1421 pacem,
505 1363 554 1404 et
608 1354 924 1403 commodum
971 1368 1061 1416 pro
1102 1350 1229 1398 virili
1273 1349 1385 1396 mea

201 1445 232 1467 ‘⁶
258 1438 448 1494 tuebor,
484 1443 534 1485 et
572 1434 865 1500 procurabo.
937 1431 1177 1487 Concilia,
1217 1429 1386 1477 coitio-

202 1525 232 1546 “
257 1533 363 1578 nes,
391 1515 775 1580 conjurationes,
803 1519 853 1561 et
876 1511 1095 1567 insidias,
1130 1525 1237 1572 quae
1270 1523 1385 1555 con-

202 1604 233 1624 “
257 1604 336 1644 tra
389 1609 733 1658 quemcunque
769 1593 821 1639 in
855 1590 1079 1652 Collegio
1123 1589 1385 1650 degentem

201 1684 232 1705 “
257 1678 401 1735 fiunt,
422 1677 463 1722 si
479 1675 539 1722 de
555 1675 727 1721 iisdem
745 1687 1036 1734 cognovero,
1058 1670 1195 1716 omni
1211 1668 1386 1715 hones-

203 1765 234 1785 “
258 1757 310 1804 ta
332 1757 541 1811 ratione,
582 1759 823 1817 quantum
861 1757 1049 1816 potero,
1096 1748 1382 1813 impediam,

203 1844 231 1865 “
257 1845 305 1884 et
329 1837 388 1884 iis
413 1850 622 1898 quorum
648 1833 890 1888 intererit,
916 1829 1181 1878 nunciabo.
1254 1827 1385 1875 Prae-

202 1922 233 1942 “
257 1916 419 1979 posito
454 1915 506 1960 in
554 1912 782 1960 omnibus
830 1911 992 1967 licitis,
1051 1915 1100 1956 et
1147 1908 1381 1964 honestis,

202 2003 233 2023 “
257 1995 624 2060 promptissima
647 1994 915 2049 voluntate,
958 1998 1008 2040 et
1046 1989 1208 2038 studio
1245 2003 1382 2053 pare-

200 2082 231 2102 “
255 2074 346 2131 bo;
373 2090 430 2121 ac
454 2073 661 2137 proinde
685 2073 924 2120 factiones
948 2075 1122 2118 contra
1152 2065 1383 2130 Praeposi-

203 2161 233 2182 “
257 2162 381 2208 tum,
417 2161 467 2200 et
489 2154 705 2217 partium
738 2151 901 2199 studia
935 2164 1189 2212 nunquam
1227 2144 1379 2200 inibo,

201 2245 231 2266 “
255 2253 348 2285 nec
371 2237 484 2283 iniri
510 2234 799 2299 procurabo,
827 2234 912 2282 sed
937 2232 1114 2289 vitabo,
1143 2237 1191 2279 et
1221 2244 1284 2276 ne
1321 2228 1381 2275 ab
