1458 2455
639 146 703 198 73

79 297 109 318 ‘⁶
134 289 284 344 fuero,
324 289 695 337 matrimonium
733 304 844 337 cum
872 289 1069 337 foemina
1096 290 1258 352 aliqua

83 377 114 397 “
140 370 487 425 contraxerim,
516 369 565 417 id
592 371 661 417 ita
698 369 883 417 factum
917 386 1021 418 esse
1057 387 1136 419 me
1171 389 1261 436 pei·

78 457 108 478 “
132 450 297 497 literas
322 449 653 496 indicaturum
680 449 970 513 Praeposito,
994 450 1071 497 vel
1096 467 1154 498 eo
1179 451 1260 497 ab·

78 536 108 556 “
132 536 285 585 sente,
314 536 400 577 aut
418 537 624 577 vacante
641 530 984 594 Praepositura,
1014 532 1260 596 Viceprae-

78 615 108 636 “
133 611 291 673 posito
316 608 464 671 hujus
490 609 700 672 Collegii
733 611 865 657 intra
888 616 987 657 tres
1015 626 1204 659 menses
1231 628 1260 658 a

75 695 104 716 “
129 689 260 736 dicto
279 690 596 737 matrimonio
621 696 861 752 suscepto,
881 690 957 736 vel
976 690 1106 737 intra
1126 691 1258 738 idem

76 773 103 796 ‘⁶
127 770 339 832 spatium
363 785 440 816 me
457 770 619 816 locum
647 785 811 816 meum
838 771 967 816 inter
995 769 1166 817 Socios
1185 786 1259 817 re-

74 855 104 876 “
129 850 450 911 signaturum.
489 849 733 896 Profiteor
752 850 1047 912 insuperme
1063 849 1256 896 nullum

73 934 103 955 “
129 929 332 976 omnino
370 928 772 976 Ecclesiasticum
814 929 1123 976 Beneficium
1149 930 1256 991 jam

76 1015 106 1036 “
130 1008 394 1072 possidere,
417 1016 467 1056 et
483 1010 519 1054 si
542 1008 659 1055 dum
689 1008 862 1055 Socius
878 1009 1022 1070 hujus
1047 1009 1256 1071 Collegii

76 1093 105 1116 “
131 1089 285 1145 fuero,
315 1090 511 1151 aliquod
547 1091 838 1153 acceperim,
867 1091 960 1136 nisi
985 1090 1060 1137 vel
1087 1091 1137 1136 in
1164 1090 1256 1137 Ur-

72 1178 102 1199 “
127 1170 187 1218 be
203 1170 517 1218 Dubliniensi
542 1171 618 1225 sit,
646 1170 722 1216 vel
746 1170 795 1216 in
822 1170 941 1216 locis
966 1170 1095 1215 intra
1117 1171 1256 1230 quin-

75 1255 103 1277 “
128 1250 286 1297 decim
323 1249 568 1304 milliaria,
594 1250 633 1295 si
664 1248 811 1295 modo
846 1252 908 1295 sit
944 1248 1252 1296 Beneficium

73 1335 104 1354 “
128 1335 370 1383 curatum,
414 1329 490 1375 vel
525 1329 565 1374 si
600 1344 702 1376 non
737 1329 799 1374 sit
834 1335 1074 1384 curatum,
1124 1330 1255 1375 intra

74 1414 101 1435 ‘⁶
126 1408 327 1469 triginta
353 1408 583 1454 milliaria
607 1407 668 1454 ad
693 1408 965 1454 maximum
991 1408 1051 1454 ab
1077 1409 1136 1456 ea
1159 1409 1251 1456 dis-

72 1494 101 1513 “
126 1487 358 1543 mutibus,
387 1494 435 1534 et
458 1503 559 1534 non
596 1486 800 1534 excedat
836 1471 1052 1534 valorem
1079 1488 1251 1536 decem

73 1567 362 1614 “librarum
403 1568 749 1630 sterlingarum
785 1568 836 1614 in
871 1567 996 1613 libro
1033 1568 1251 1615 censuali

73 1652 102 1671 “
127 1647 229 1692 fisci
255 1647 390 1707 regii,
421 1662 499 1693 me
531 1646 697 1693 locum
730 1662 894 1693 meum
923 1647 1052 1692 inter
1079 1647 1251 1693 Socios

72 1732 99 1751 “
126 1726 255 1772 intra
286 1742 472 1773 annum
508 1729 886 1789 resignaturum.
961 1726 1250 1781 Quinetiam

71 1811 101 1830 “
131 1805 339 1853 Statutis
375 1807 583 1869 Collegii
620 1808 985 1871 obtemperabc‚
1018 1815 1067 1855 et
1102 1824 1161 1855 ea
1190 1809 1250 1855 ab

73 1890 103 1910 “
129 1883 235 1930 aliis
259 1884 562 1932 observanda
587 1889 850 1949 (quantum
872 1888 922 1932 in
943 1902 1021 1933 me
1047 1888 1143 1948 est)
1170 1903 1250 1934 cu-

71 1971 100 1990 “
126 1964 260 2010 rabo.
318 1964 624 2011 Scholastica
640 1966 873 2012 exercitia
886 1966 1077 2028 singula
1097 1967 1250 2014 Sociis

70 2048 101 2067 “
127 2042 178 2087 in
209 2043 403 2089 statutis
434 2041 657 2105 injuncta
688 2042 947 2105 diligenter
973 2046 1245 2107 praestaboz

71 2131 101 2150 ‘⁸
130 2124 194 2171 Et
211 2124 249 2170 si
269 2124 389 2170 mihi
409 2139 528 2171 cura
544 2123 840 2188 praelegendi
859 2124 980 2180 aliis,
1000 2133 1084 2172 aut
1100 2128 1247 2174 officii

69 2211 99 2231 “
124 2202 329 2266 alicujus
355 2204 415 2252 ad
439 2206 620 2252 bonum
655 2204 863 2267 collegii
888 2206 1108 2268 regimen
1134 2207 1246 2255 obe-

645 2286 672 2316 E
