1504 2501
771 178 859 226 136

217 306 249 352 J
256 314 513 355 uramento
565 308 824 374 Praepositi
873 313 923 358 in
975 311 1178 367 SaceHO,
1232 328 1399 360 coram

218 387 601 453 Vicepraeposito
626 393 730 454 (cui
756 399 1049 456 potestatem
1083 393 1400 440 concedimus

214 466 246 512 J
249 476 564 516 uramentum
590 471 641 516 in
662 470 755 518 hoc
774 488 890 519 casu
910 472 1307 534 administrandi)
1330 488 1398 519 re-

213 547 454 610 liquisque
494 550 652 598 Sociis
691 552 973 600 Senioribus
1010 552 1234 615 Collegii,
1268 553 1397 600 Prae-

212 629 482 688 posituram
507 638 660 692 gerat.
731 632 958 680 Durante
983 649 1098 681 vero
1124 634 1393 689 vacatione,

212 715 261 754 et
292 708 450 756 donec
490 726 646 757 novus
681 711 980 776 Praepositus
1005 729 1034 759 a
1057 712 1208 759 Nobis
1243 714 1399 760 nomi-

210 796 372 845 netur,
400 797 450 837 et
480 792 530 837 in
563 791 942 856 Praeposituram
980 794 1031 838 in
1057 792 1280 854 Collegio
1316 791 1396 838 ad-

210 870 450 923 mittatur,
484 870 743 927 Volumus,
782 880 837 919 ut
863 873 1278 935 Vicepraepositus
1314 887 1396 918 cu-

209 963 314 994 ram
351 950 604 1010 regiminis
641 950 851 1013 Collegii
887 952 937 996 in
973 966 1024 997 se
1060 951 1307 1012 suscipiat,
1346 956 1396 997 et

210 1027 467 1091 Praepositi
492 1030 620 1077 vices
646 1032 695 1077 in
728 1031 956 1078 omnibus
987 1038 1139 1093 gerat,
1179 1033 1394 1094 exceptis

210 1108 565 1157 Cubiculorum
593 1111 1036 1170 distributionibus,
1071 1111 1393 1158 electionibus

206 1190 448 1247 omnibus,
476 1191 840 1240 dimissionibus
871 1200 1114 1240 terrarum
1141 1199 1392 1238 tenemen-

204 1278 432 1319 torumve
444 1272 652 1335 Collegii
670 1273 732 1320 ad
750 1274 961 1329 firmam,
984 1279 1033 1319 et
1052 1271 1391 1318 instrumentis

206 1351 575 1415 quibuscunque
600 1354 851 1410 faciendis,
881 1370 987 1416 quae
1009 1353 1219 1413 Collegii
1249 1350 1389 1413 Sigil-

205 1430 252 1476 lo
278 1433 460 1479 muniri
485 1434 659 1480 solent.

555 1710 793 1759 CAPUT
831 1711 1000 1758 XXII.
1016 1718 1033 1735 ²²

202 1858 266 1888 DE
303 1859 474 1890 FINALI
517 1859 790 1904 COMPUT03
834 1862 894 1892 ET
928 1862 1209 1894 ELECTIONE
1243 1863 1382 1895 OFFI-

376 1939 688 1979 CIARJORUM,
718 1941 780 1971 ΕΤ
802 1941 1206 1974 PRAELECTORUM.

200 2026 543 2096 QUONIAM
557 2047 837 2104 proventuS,
850 2047 898 2087 et
912 2040 1112 2098 reditus,
1134 2041 1222 2088 etsi
1238 2055 1380 2102 gran·

194 2119 295 2175 des,
324 2119 416 2165 nisi
441 2120 650 2168 fideliter
673 2121 939 2177 solvantur,
960 2129 1009 2169 et
1026 2122 1211 2185 recepti
1236 2117 1377 2168 caute

572 2257 724 2295 XXVI.
752 2257 789 2294 in
807 2257 974 2308 original.
