1504 2501
753 137 814 185 56

193 269 432 318 cumbunt
461 269 731 316 seeundum
771 269 969 317 Statuta
1004 269 1227 332 collegii.
1303 269 1379 317 Sit

194 366 341 414 porro
373 351 424 396 in
457 365 510 397 re
535 349 765 397 familiari
790 350 1036 414 providus,
1065 367 1141 397 res
1168 350 1377 413 Collegii

194 438 244 478 et
283 431 482 492 negotia
522 431 590 476 ita
626 430 949 487 administret,
984 437 1039 478 ut
1074 447 1176 477 non
1216 446 1378 488 suum,

193 509 277 557 sed
325 509 534 571 Collegii
580 509 897 556 commodum
951 525 1168 571 quaerere
1218 509 1379 556 videa-

193 599 288 639 tur.
359 590 425 637 Et
471 606 631 651 neque
671 591 839 652 gratiae
885 591 938 637 in
979 591 1137 637 causis
1179 604 1380 652 cognos-

195 672 362 720 cendis
408 671 806 725 decernendisve‚
849 687 1009 733 neque
1053 671 1181 724 odio,
1218 686 1378 732 neque

193 753 279 799 ulli
309 753 463 799 animi
494 751 856 815 perturbationi
885 757 1075 816 pareat,
1111 751 1196 798 sed
1233 751 1378 812 eequi-

194 840 348 880 tatem
375 831 551 879 ducem
577 847 772 895 semper
795 836 1043 893 sequatur.
1114 830 1248 878 Huic
1280 830 1379 877 Vo-

194 913 358 960 lumus
394 911 612 973 singulos
645 910 832 964 Socios,
870 910 1148 965 Schola1·eS‚
1180 915 1230 957 et
1265 908 1379 957 Col-

194 994 309 1056 }egii
350 992 606 1040 Ministros
644 1007 733 1038 suo
771 991 944 1039 ordine
966 991 1178 1047 subesse,
1219 992 1376 1053 eique,

196 1077 248 1122 in
272 1075 433 1129 licitis,
462 1079 511 1120 et
550 1073 786 1128 honestis,
815 1073 1104 1120 exercitium
1129 1071 1380 1118 scholasti-

199 1171 329 1210 oum,
358 1160 443 1203 aut
462 1153 580 1200 dieti
606 1152 816 1214 Collegii
849 1155 1087 1215 regimen,
1115 1157 1201 1199 aut
1242 1167 1379 1199 com-

194 1236 415 1290 modum,
465 1240 553 1282 aut
591 1234 848 1289 honorem,
899 1231 1229 1295 tangentibus,
1277 1232 1382 1279 sine

197 1332 453 1365 murmure
496 1315 711 1370 obedire,
747 1320 796 1361 et
846 1328 1035 1377 parere.
1107 1311 1382 1358 Officiario-

195 1413 307 1445 rum
333 1396 557 1444 omnium
597 1401 646 1442 et
680 1393 964 1448 Lectorum,
999 1393 1241 1455 imprimis
1281 1391 1381 1439 De-

197 1492 452 1531 eanorum,
503 1481 552 1521 et
605 1473 831 1520 Bursarii
871 1487 1042 1519 curam
1093 1470 1288 1527 habeat,
1323 1487 1380 1518 ao

197 1559 305 1605 illos
336 1558 377 1604 si
408 1555 604 1602 muneri
636 1569 725 1601 suo
769 1552 943 1605 desint,
987 1557 1072 1598 aut
1112 1552 1163 1596 in
1206 1550 1381 1598 eodem

199 1637 427 1686 obeundo
469 1634 635 1683 tardos
685 1649 789 1681 esse
844 1630 1238 1695 deprehenderit,
1291 1648 1382 1696 pro

195 1719 398 1767 arbitrio
428 1732 516 1763 suo
556 1715 744 1778 puniat,
784 1713 879 1758 nisi
907 1710 990 1758 ubi
1029 1726 1183 1774 poenae
1220 1710 1385 1773 aliqua

197 1814 427 1863 expressa
462 1796 649 1843 mentio
681 1809 770 1858 pro
807 1792 866 1840 ea
902 1791 1048 1855 culpa
1080 1792 1132 1837 in
1178 1790 1382 1839 Statutis

197 1882 300 1928 fiat.
375 1876 611 1925 Similiter
640 1874 921 1934 ubicunque
959 1871 1010 1917 in
1043 1870 1118 1917 his
1160 1870 1379 1926 Statutis‚

202 1958 387 2021 aliquid
442 1955 765 2004 Studentibus
817 1952 1154 2016 cujuscunque
1197 1951 1379 1999 fuerint

203 2026 404 2097 ordinis,
439 2047 523 2087 aut
550 2039 830 2094 Officiariis,
878 2034 964 2084 aut
1000 2036 1241 2084 Ministris
1271 2034 1381 2082 Col-

201 2124 331 2186 legii,
370 2127 455 2168 aut
492 2121 722 2181 cuiquam
764 2133 935 2165 eorum
982 2116 1260 2180 praeoipitur
1295 2121 1381 2161 aut

202 2201 491 2270 prohibetur
531 2201 636 2247 sine
672 2199 863 2247 annexa
909 2196 1066 2262 poena,
1114 2201 1199 2242 aut
1237 2210 1382 2259 poena
