1504 2501
744 176 808 225 90

185 303 351 351 licebit
399 304 749 352 Visitatoribus
797 306 903 367 (sed
957 305 1181 353 consulto
1235 305 1371 368 prius

188 386 501 434 Cancellario
520 387 823 448 Academiae)
845 390 1007 452 ipsum
1027 405 1116 453 pro
1136 389 1372 450 qualitate

187 466 371 523 delicti,
400 468 632 514 severiori
656 470 799 530 poena
824 470 1036 516 afficere.
1097 468 1372 516 Statuimus

187 563 381 609 quoque
414 554 463 594 et
498 548 806 604 mandamus,
844 555 900 596 ut
935 550 1246 612 Praepositus,
1285 548 1373 595 So-

188 630 266 684 cii,
296 629 555 692 Discipuli,
585 635 634 675 et
659 631 817 676 caeteri
842 645 1014 677 omnes
1039 628 1371 683 concordiam,

187 710 445 766 unitatem,
474 726 662 773 pacem,
692 717 741 757 et
765 717 988 757 mutuam
1014 711 1143 757 inter
1178 725 1229 756 se
1261 709 1375 755 cha-

187 789 387 835 ritatem
419 805 509 852 pro
545 789 669 835 virili
700 789 849 845 alant,
882 789 1095 844 foveant,
1132 795 1181 835 et
1215 788 1374 834 obser-

187 876 317 916 vent.
393 869 773 925 Scurrilitatem‚
828 877 878 916 et
927 869 1155 916 obscoena
1208 867 1372 922 verba,

187 957 473 1006 scommata,
514 949 709 1013 probra,
755 957 804 997 et
844 950 1090 1004 scandala,
1128 948 1294 1006 verbo,
1329 955 1378 995 et

188 1030 318 1077 facto
369 1032 574 1078 omnino
615 1032 785 1086 vitent,
830 1032 1098 1095 praesertim
1147 1029 1376 1076 adversus

189 1124 287 1164 eos,
341 1111 424 1172 qui
480 1111 531 1156 in
585 1111 826 1172 regimine
874 1110 1084 1171 Collegii
1122 1109 1378 1156 constituti

188 1196 318 1236 sunt.
391 1189 539 1244 Quod
563 1191 602 1236 si
628 1190 868 1254 quispiam
904 1191 954 1236 in
982 1191 1058 1237 his
1100 1189 1374 1251 deliquerit,

190 1269 392 1316 arbitrio
418 1270 694 1333 Praepositi,
721 1277 770 1317 et
791 1269 991 1333 majoris
1019 1271 1168 1334 partis
1210 1269 1378 1317 Socio-

189 1366 301 1397 rum
343 1350 609 1398 Seniorum
634 1353 885 1415 puniatur.
959 1351 1106 1406 Quod
1130 1352 1169 1397 si
1195 1357 1270 1397 ter
1288 1366 1378 1414 pro

191 1431 287 1477 illis
330 1433 610 1494 castigatus,
657 1448 756 1479 non
806 1432 1112 1488 abstinuerit,
1154 1433 1378 1497 Collegio

192 1512 481 1575 expellatur.
554 1513 844 1568 Quinetiam
874 1512 1165 1568 Statuimus,
1186 1529 1250 1560 ne
1272 1515 1379 1575 quis

192 1592 403 1655 Collegii
427 1610 608 1650 muros,
638 1600 723 1641 aut
747 1595 1023 1658 sepimenta
1046 1593 1379 1651 transcendat,

193 1680 279 1721 aut
301 1674 445 1731 fores,
471 1675 771 1723 fenestrasve
797 1676 1078 1737 diffringat3
1106 1676 1189 1737 qui
1227 1676 1381 1723 semel

192 1754 379 1811 fecerit,
414 1756 454 1802 si
489 1762 628 1803 aetate
667 1755 863 1803 adultus
899 1755 1062 1811 fuerit,
1099 1762 1382 1802 commeatu

194 1837 431 1883 trimestri
489 1838 741 1900 privetur3
789 1837 829 1882 si
877 1842 1017 1883 aetate
1055 1851 1193 1899 puer,
1234 1836 1381 1897 virgis

195 1918 489 1978 castigetur3
518 1919 600 1979 qui
623 1924 789 1965 autem
809 1916 896 1971 bis,
915 1916 1138 1978 Collegio
1158 1931 1382 1963 amovea-

195 2003 290 2044 tur.
359 1997 547 2046 Eadem
568 1999 711 2063 poena
731 1999 1047 2054 mulctentur,
1066 1998 1149 2059 qui
1169 1997 1379 2044 aliorum

194 2078 420 2141 pomaria
444 2079 784 2141 expilaverint,
808 2078 884 2125 vel
905 2079 954 2124 in
981 2078 1152 2125 domos
1181 2076 1379 2141 oppida-

196 2173 391 2213 norum,
412 2158 683 2207 aliorumve
703 2159 918 2221 aliquam
934 2159 1033 2204 vim
1053 2156 1376 2204 exercuerint.

198 2237 357 2286 Porro
415 2238 544 2293 aleae,
588 2246 638 2287 et
674 2239 953 2287 chartarum
989 2237 1106 2285 ludo
1143 2251 1286 2284 nemo
1326 2236 1376 2281 in
