1458 2455
630 152 720 196 145

86 294 247 332 onem,
284 294 462 342 nempe
505 280 890 342 quotiescunque
923 282 996 329 vel
1025 298 1114 347 per
1131 284 1265 339 ¹Prae-

86 360 296 421 positum
322 366 371 406 et
403 359 640 422 majorem
667 368 857 424 partem
888 363 1145 410 Sociorum
1181 364 1266 411 Se-

85 440 295 495 niorum,
322 440 396 487 vel
423 457 510 504 per
536 440 851 504 Praepositum
879 443 1051 499 solum,
1080 444 1153 491 vel
1180 460 1267 507 per

84 525 242 566 totum
280 534 543 566 numerum
584 519 842 568 Sociorum
886 522 1163 580 Serstorum,
1197 539 1269 571 re-

86 599 303 647 luctante
324 600 605 664 Praeposito,
630 603 849 663 requisiti
870 602 1065 658 fuerint,
1085 604 1145 650 ad
1158 604 1269 651 Col-

86 678 266 740 legium
293 679 542 733 accedere,
569 681 623 727 'et
647 697 754 742 quae
789 681 1071 729 Visitatoris
1108 684 1268 730 officio

88 759 394 815 incumbunt,
422 777 655 824 peragere
688 762 883 809 valeant
909 779 965 809 ac
990 764 1190 827 possint.

156 839 255 886 Eos
290 846 458 888 tamen
497 840 757 896 Volumus,
811 841 1108 890 visitatione
1155 844 1274 905 (sive

90 918 350 974 ordinaria,
379 920 477 966 sive
497 922 903 982 extraordinaria)
923 922 1073 969 semel
1096 923 1273 986 incoep-

89 998 153 1050 ta,
180 1004 325 1059 atque
351 999 596 1055 inchoata,
623 1006 678 1046 ut
703 1016 850 1061 quam
883 1002 980 1047 cito
1013 1002 1272 1049 commode

89 1079 323 1141 poterint,
350 1095 519 1126 causas
539 1096 709 1127 omnes
735 1079 1019 1142 dijudicent,
1047 1089 1095 1129 et
1114 1083 1271 1130 deter-

91 1159 295 1213 minent,
325 1174 381 1204 ac
413 1160 558 1206 finem
578 1160 889 1207 Visitationis
931 1178 1024 1208 suae
1067 1164 1272 1211 omnino

90 1239 221 1284 intra
236 1245 334 1285 tres
350 1245 459 1302 post
483 1255 651 1286 eorum
679 1240 739 1286 ad
766 1240 1044 1303 Collegium
1072 1245 1273 1291 accessi-

91 1333 237 1365 onem
285 1318 387 1365 dies
439 1318 637 1366 faciant.
731 1319 1103 1368 Conscientiam
1156 1339 1271 1371 vero

93 1397 416 1445 Visitatorum
465 1399 596 1462 apud
631 1398 939 1446 Altissimum
989 1417 1268 1458 oneramus,

92 1484 140 1525 et
164 1480 213 1525 in
239 1478 501 1526 visceribus
525 1479 730 1526 Domini
755 1481 908 1527 nostri
931 1479 961 1527 J
969 1497 1055 1528 esu
1085 1481 1272 1529 Christi

91 1557 362 1613 hortamur,
407 1565 461 1604 ut
502 1559 552 1604 in
599 1557 839 1612 faciendo,
888 1568 937 1605 et
985 1560 1271 1621 exequendo

91 1640 354 1702 praemissa,
382 1639 539 1685 solum
564 1638 726 1686 Deum
751 1655 846 1702 prae
866 1639 1019 1686 oculis
1037 1640 1266 1696 habeant,

93 1726 141 1764 et
160 1724 214 1765 ut
228 1717 408 1772 favore,
432 1719 624 1773 timore,
653 1718 779 1773 odio,
807 1716 967 1781 preCe,
993 1725 1079 1766 aut
1093 1721 1266 1782 pretio,

93 1797 352 1851 coloribus,
378 1805 462 1845 aut
487 1798 824 1845 occasionibus
848 1797 1138 1862 posthabitis
1169 1800 1270 1860 qui-

93 1879 392 1940 buscunque,
428 1879 752 1934 Visitationis,
786 1879 1129 1940 inquisitionis,
1168 1895 1270 1926 cor-

92 1959 338 2013 rectionis,
368 1965 416 2005 et
440 1958 803 2005 reformationis
828 1959 1042 2005 officium
1068 1958 1269 2022 diligen-

92 2047 169 2086 ter
193 2039 493 2102 impendant,
521 2045 570 2085 et
593 2038 802 2085 fideliter
825 2039 876 2084 in
903 2038 1129 2086 omnibus
1161 2055 1268 2086 exe-

94 2125 322 2180 quantur,
349 2119 475 2165 sicut
499 2133 664 2164 coram
695 2116 806 2164 Deo
832 2117 881 2162 in
914 2115 1017 2179 ejus
1049 2123 1268 2165 extremo

87 2196 274 2259 judicio
299 2198 349 2245 in
374 2197 467 2246 hoc
493 2213 609 2246 casu
631 2197 876 2245 voluerint
896 2197 1100 2246 reddere
1124 2198 1271 2246 ratio-

94 2292 223 2325 nem.

664 2360 699 2391 H
