1458 2455
684 155 749 200 39

122 295 233 355 post
254 287 572 336 Dominicam
598 290 776 332 sanctae
802 283 1063 331 Trinitatis
1088 281 1150 330 ad
1184 288 1306 330 tunc

121 369 344 434 proxime
380 373 668 428 sequentem
702 365 898 426 eligere,
939 364 1215 418 nominare,
1258 368 1308 410 et

122 449 422 497 constituere
447 445 593 508 juxta
631 445 831 492 Statuta
874 449 1044 490 nostra
1078 442 1309 506 praedicta

121 532 173 579 in
198 531 294 578 hoc
318 546 435 577 casu
458 528 669 592 provisa,
699 533 748 574 et
779 527 861 583 sic,
903 525 963 573 de
999 532 1224 588 tempore
1257 525 1309 570 in

121 618 332 675 tempus,
376 610 522 657 toties
555 608 746 670 quoties
775 623 922 662 mom,
958 606 1200 662 deceSSUS,
1236 621 1308 653 re-

122 692 333 754 signatio
358 689 435 737 vel
461 689 733 752 deprivatio
759 686 1053 748 contigerit3
1081 685 1309 747 quodque

123 771 328 834 quilibet
368 785 542 817 eorum
583 770 635 815 in
680 766 966 830 hujusmodi
1016 767 1182 814 locum
1236 766 1310 813 vel

122 853 272 906 locos,
291 850 563 914 Praepositi,
585 849 844 896 Sociorum
866 847 1148 902 Seniorum,
1172 846 1311 893 Soci-

125 947 262 978 orum
276 929 559 984 Juniorum,
581 928 658 974 vel
680 926 1004 982 Scholarium‚
1022 926 1311 990 respective,

125 1011 194 1056 sic
214 1012 295 1072 (ut
309 1005 596 1072 praefertur)
621 1006 805 1052 electus
823 1005 1002 1052 habeat
1017 1011 1066 1052 et
1084 1005 1310 1067 gaudeat,

126 1105 183 1137 ac
201 1088 383 1135 habere
408 1093 458 1134 et
481 1085 695 1148 gaudere
723 1077 895 1141 valeat,
923 1091 972 1132 et
996 1086 1162 1148 possit,
1188 1084 1311 1133 adeo

125 1169 325 1232 plenam
359 1175 408 1215 et
445 1167 652 1214 liberam
689 1172 1004 1230 potestatem,
1042 1166 1313 1213 authorita-

124 1257 339 1311 temque,
370 1249 422 1294 in
449 1247 692 1302 omnibus,
733 1253 782 1294 et
818 1262 907 1310 per
943 1247 1126 1302 omnia,
1167 1253 1216 1293 et
1252 1247 1314 1293 ad

126 1334 308 1389 omnia,
336 1337 385 1379 et
409 1325 616 1392 singula,
646 1329 851 1391 agenda,
877 1328 1237 1392 perimplenda,
1265 1335 1314 1375 et

126 1413 381 1475 exigenda,
403 1418 553 1475 prout
576 1412 680 1474 ipse
699 1410 1010 1474 Praepositus,
1036 1409 1113 1456 vel
1140 1410 1315 1471 aliquis

127 1494 252 1541 alius
280 1493 541 1541 Sociorum
571 1492 854 1545 Seniorum‚
886 1490 1148 1537 Sociorum
1173 1489 1315 1537 Juni-

128 1589 287 1630 orum,
330 1573 409 1621 vel
451 1571 783 1626 Scholarium,
821 1570 935 1617 dicti
978 1569 1187 1631 Collegii
1225 1584 1315 1632 pro

129 1660 354 1718 tempore
410 1654 652 1700 existente
704 1652 876 1713 quovis
926 1650 1074 1697 modo
1133 1650 1316 1698 habere

129 1749 216 1780 seu
250 1732 465 1794 gaudere
491 1732 719 1787 debeant,
747 1738 832 1778 aut
860 1731 1062 1793 possint,
1081 1728 1226 1791 juxta
1248 1735 1318 1777 te·

130 1828 304 1860 norem
328 1812 673 1875 praedictorum
694 1810 1009 1857 Statutorum
1031 1815 1317 1856 nostrorum

131 1895 180 1940 in
206 1893 301 1940 hoc
325 1908 442 1939 casu
466 1891 850 1953 designatorum.

199 1972 502 2027 CUMQUE
528 1971 703 2019 eadem
723 1986 884 2034 nuper
902 1969 1098 2032 Regina
1118 1969 1180 2016 ad
1204 1969 1318 2017 Sus-

134 2054 462 2100 tentationem
519 2058 568 2098 et
613 2052 1046 2097 manutentionem
1101 2048 1319 2112 praedicti

134 2135 360 2198 Collegii,
405 2140 454 2182 et
492 2133 553 2180 ad
598 2133 881 2180 relevamen
922 2139 971 2179 et
1007 2133 1320 2179 sustentatio-

132 2231 249 2263 nem
289 2214 563 2279 Praepositi,
597 2213 876 2269 Sociorum,
913 2219 962 2260 et
1008 2211 1317 2259 Scholarium
