1504 2501
767 132 859 176 138

228 261 387 317 electi,
427 276 527 308 una
551 276 665 309 cum
700 262 810 319 illis,
837 262 919 324 qui
944 277 973 309 a
998 261 1261 325 Praeposito
1296 261 1400 309 solo

226 341 564 398 nominantur,
591 344 816 406 proximo
852 343 930 391 die
961 350 1072 408 post
1095 343 1404 399 electionem,

226 421 348 469 hore
372 422 559 469 scilicet
593 424 726 471 none
756 423 1165 480 antemeridiana
1207 423 1403 488 publice

228 510 281 556 in
310 501 520 560 Sacello,
549 519 717 551 coram
746 503 1030 568 Praeposito,
1059 505 1135 552 vel
1160 520 1218 552 eo
1243 505 1414 552 absen-

231 591 294 639 te,
324 583 720 649 Vicepraeposito,
746 591 794 633 et
813 585 1038 632 omnibus
1067 585 1239 641 Sociis,
1268 586 1416 634 Scho-

230 663 426 719 laribuS,
465 672 514 713 et
549 666 976 715 Commensalibus
1012 665 1070 714 eo
1117 669 1414 723 convocatis,

231 745 306 791 vel
332 745 507 793 saltem
542 746 719 810 majori
763 755 904 813 parte
950 749 1235 805 eorundem,
1279 749 1305 795 J
1313 766 1421 797 ura-

233 832 455 873 mentum
473 834 721 891 praestent,
739 830 882 876 tactis
902 828 1240 877 Sacrosanctis
1255 828 1421 876 Chris-

235 907 272 953 ti
298 906 597 970 EvangeI‘iis,
626 911 678 956 in
700 910 803 957 haec
826 909 990 957 verba.

303 986 495 1036 “EGO
519 988 579 1035 N.
605 988 666 1036 N.
688 990 872 1037 electus
888 991 940 1037 in
959 990 1419 1055 Vicepraepositum‚

369 1075 397 1095 ‘⁶
422 1068 699 1127 Decanum,
720 1069 1029 1126 Bursarium,
1049 1072 1139 1119 &c.
1153 1071 1424 1135 respective

371 1160 402 1180 “
428 1152 576 1216 hujus
630 1153 857 1217 Collegii,
905 1152 1022 1217 juro
1075 1171 1156 1203 me
1213 1154 1424 1203 fideliter

371 1240 402 1260 ‘⁶
429 1235 759 1281 exerciturum
796 1250 973 1281 munus
1008 1234 1131 1281 mihi
1166 1234 1427 1282 demanda-

374 1319 405 1339 “
428 1319 536 1360 tum
563 1312 710 1376 juxta
749 1314 944 1361 Statuta
987 1314 1135 1377 hujus
1178 1315 1421 1378 Collegii:

373 1395 401 1417 ‘⁶
429 1391 506 1438 Ita
529 1408 608 1440 me
631 1392 770 1440 Deus
794 1392 1008 1456 adjuvet,
1047 1400 1096 1442 et
1130 1394 1423 1443 Sacrosanc-

373 1477 405 1498 “
429 1478 481 1518 ta
504 1470 610 1534 ejus
635 1472 960 1536 Evangelia.”

306 1631 455 1688 Quod
473 1633 514 1679 si
533 1633 796 1695 contigerit
817 1633 1031 1696 aliquem
1058 1633 1428 1683 Officiariorum

239 1712 315 1759 vel
341 1712 706 1768 Praelectorum,
731 1715 862 1761 intra
886 1730 1072 1762 annum
1097 1721 1212 1763 ante
1229 1730 1430 1780 compu-

240 1801 346 1841 tum
381 1796 603 1858 proxime
639 1795 864 1843 suturum
900 1803 1113 1844 mortem
1155 1796 1307 1853 obire,
1354 1796 1432 1844 vel

240 1892 329 1939 per
352 1879 734 1940 promotionem,
763 1880 1051 1936 cessionem,
1081 1886 1167 1927 aut
1191 1880 1287 1927 alio
1314 1896 1428 1942 quo-

242 1958 312 2002 vis
344 1958 490 2006 modo
521 1975 551 2006 a
581 1958 805 2022 Collegio
838 1960 1105 2017 discedere,
1148 1967 1256 2008 tum
1299 1962 1430 2008 intra

243 2047 342 2086 tres
367 2039 468 2087 dies
493 2056 523 2087 a
548 2042 807 2089 vacatione
839 2041 1036 2104 cognite.
1067 2041 1192 2089 alter
1222 2041 1428 2089 idoneus

241 2118 449 2179 eligatur
485 2136 573 2184 per
612 2121 951 2186 Praepositum,
996 2122 1071 2170 vel
1105 2138 1164 2170 eo
1210 2121 1425 2175 absente,

245 2198 703 2264 Vicepraepositum‚
732 2208 781 2250 et
804 2201 1045 2265 majorem
1071 2209 1260 2266 partem
1298 2199 1431 2247 Soci-
