1504 2501
785 133 877 176 128

222 264 394 310 leviter
417 264 725 326 percusserit,
748 263 824 310 vel
849 269 1103 327 portarum
1128 278 1260 309 seras
1276 261 1406 309 dedi-

222 343 272 390 ta
311 343 462 406 opera
497 343 802 407 corruperit3
848 344 1118 405 quinetiam
1161 344 1200 389 si
1242 350 1408 406 portas

223 424 433 486 Collegii
481 423 650 470 furtim
700 425 1004 478 reseraverit,
1056 429 1141 470 aut
1186 422 1408 484 conjura-

221 506 381 551 tiones
420 510 505 550 aut
545 501 746 550 insidias
777 510 949 550 contra
974 503 1251 565 Collegium
1278 517 1408 550 com-

221 585 481 649 paraverit,
533 582 609 630 vel
657 582 920 630 seditiones
968 583 1017 628 in
1058 582 1282 644 Collegio
1324 581 1409 628 ali-

220 663 416 728 quando
464 662 763 717 excitaverit,
802 662 878 708 vel
913 661 1148 709 damnum
1185 677 1332 724 grave
1363 662 1408 709 ei

218 745 454 799 intulerit,
518 750 603 790 aut
655 758 744 806 per
787 743 908 790 alios
932 743 1027 790 hoc
1058 744 1165 790 fieri
1190 742 1409 803 aliquan-

219 826 281 874 do
333 822 685 888 procuraverit,
746 829 832 869 aut
888 821 1115 877 dedecus,
1165 820 1242 867 vel
1288 820 1408 866 infa-

219 908 370 955 miam
419 903 647 969 praedicto
695 902 918 965 Collegio
965 901 1209 956 inusserit,
1266 907 1315 947 et
1359 898 1409 946 id

221 985 486 1037 confessus,
536 982 613 1030 vel
663 981 853 1029 idoneis
901 980 1106 1028 testibus
1155 981 1406 1028 convictus

219 1066 386 1121 fuerit,
432 1080 597 1112 coram
642 1063 931 1127 Praeposito,
971 1069 1057 1109 aut
1091 1077 1150 1109 eo
1186 1061 1403 1117 absente,

222 1147 630 1211 Vicepraeposito,
658 1152 778 1193 tunc
802 1160 890 1207 per
918 1143 1131 1191 eundem
1167 1142 1406 1206 Praeposi-

220 1236 328 1276 tum
359 1235 443 1274 aut
475 1226 938 1290 Vicepraepositum,
974 1224 1163 1271 duobus
1192 1222 1404 1271 Decanis

220 1307 282 1355 ad
306 1323 357 1354 se
383 1308 566 1362 accitiS,
596 1322 625 1353 a
651 1305 872 1367 Collegio
898 1320 1097 1368 prorsus
1119 1311 1406 1351 amoveatur

219 1394 459 1448 tanquam
497 1384 776 1432 membrum
824 1383 1075 1447 pestilens,
1121 1390 1170 1429 et
1218 1384 1403 1430 caeteris

220 1466 363 1514 valde
394 1465 745 1530 perniciosum.
819 1462 967 1518 Quod
1004 1478 1120 1509 vero
1160 1462 1403 1526 Viceprae-

219 1549 406 1612 positus
423 1548 474 1593 in
494 1546 584 1593 hac
602 1545 678 1593 vel
695 1544 802 1592 aliis
819 1543 963 1591 rebus
983 1542 1044 1589 ad
1061 1542 1403 1606 expulsionem

219 1627 580 1693 pertinentibus
617 1626 804 1682 fecerit,
851 1632 958 1672 tum
1005 1624 1205 1671 demum
1253 1622 1403 1670 robur

220 1725 362 1757 suum
401 1708 656 1764 obtinebit,
685 1723 797 1755 cum
832 1706 1085 1769 Praepositi
1114 1703 1402 1768 approbatio

219 1790 490 1836 accesserit.
534 1788 759 1835 Aliorum
787 1793 952 1834 autem
978 1785 1258 1840 criminum,
1285 1800 1401 1846 quo-

218 1886 329 1917 rum
355 1884 615 1916 censuram
652 1867 919 1931 Praeposito
951 1865 1194 1912 videbitur
1229 1864 1400 1912 Senio-

217 1948 350 1995 ribus
379 1949 537 1996 Sociis
569 1963 858 2012 proponere,
896 1961 1091 2010 poenam
1127 1945 1260 1991 illam
1298 1960 1401 1992 esse

219 2028 482 2084 Volumus,
510 2029 560 2075 in
587 2044 733 2090 quam
760 2027 1059 2091 Praepositus
1084 2041 1196 2072 cum
1223 2022 1397 2086 majori

218 2113 359 2172 parte
394 2107 739 2170 suffragiorum
780 2107 1042 2154 Seniorum
1080 2105 1396 2152 consenserit.

219 2186 520 2234 Mulctarum
546 2188 856 2252 impositores
882 2187 1079 2233 mittent
1113 2183 1396 2232 schedulam
