1458 2455
642 157 734 201 103

97 287 313 335 cundum
338 286 623 349 qualitatem
648 285 812 333 delicti
836 285 1268 334 animadvertatur,
1299 297 1310 317 ²<

96 367 374 431 Discipulos
392 365 726 429 cujuscunque
743 366 949 428 generiS‚
967 381 1087 428 quos
1104 365 1270 414 abesse

96 446 473 511 deprehenderit
509 461 538 493 a
570 445 978 510 p1·aelectionibUS‚
1017 445 1270 510 disputati-

96 526 284 583 onibus,
312 525 764 579 declamationibus,
781 532 831 572 et
849 525 955 571 aliis
971 525 1269 573 scholasticis

95 610 351 666 exercitiis,
370 608 543 670 quibus
558 608 792 654 interesse
802 612 1047 658 tenentur,
1064 605 1268 653 denario

95 691 282 755 puniat.
357 688 730 753 Disputationes
784 694 834 734 et
884 686 1269 734 declamationes

98 770 408 818 Scholarium
464 776 513 816 et
564 767 1028 822 Baccalaureorum,
1078 766 1270 814 curabit

94 851 194 897 suis
247 850 551 914 temporibus
598 855 647 896 et
691 848 811 896 locis
856 847 1169 912 praestandas,
1220 854 1268 895 et

95 946 265 977 earum
303 931 405 994 ipse
441 929 727 977 Moderator
763 935 882 976 esto.
952 929 1028 974 Ac
1062 928 1268 991 proinde

96 1011 337 1058 Volumus
376 1011 537 1058 theses
570 1008 885 1073 disputandas
922 1006 1169 1071 praescribi
1207 1007 1267 1053 ab

92 1106 166 1146 eo,
194 1097 244 1139 et
267 1091 485 1155 praestari
510 1106 538 1137 a
562 1088 778 1152 quolibet
800 1087 1266 1144 Baccalaureorum,

96 1171 422 1227 Scholarium,
450 1177 835 1231 caeterorumque
851 1167 1153 1216 studentium
1170 1184 1268 1215 res-

92 1251 296 1313 pective,
322 1265 410 1314 per
424 1253 554 1297 vices
570 1265 696 1305 suas,
718 1247 998 1312 incipiendo
1014 1263 1042 1294 a
1050 1246 1263 1310 juniore.

91 1330 358 1378 Praelector
384 1329 595 1392 cujusvis
638 1329 820 1378 Classis
855 1328 1058 1376 inferior
1093 1328 1265 1390 (quem

91 1425 121 1456 a
144 1409 416 1473 Praeposito
445 1410 548 1456 solo
575 1409 836 1471 quotannis
862 1408 975 1470 eligi
1002 1407 1262 1464 Volumus,

90 1487 172 1535 sed
205 1493 427 1550 tempore
459 1486 717 1550 praedicto)
754 1486 886 1534 horae
916 1486 978 1533 ad
1001 1487 1264 1550 praelegen-

92 1567 207 1614 dum
225 1569 496 1615 constitutae
515 1573 704 1630 partem
727 1566 931 1614 alteram
948 1566 1259 1630 praelectioni‚

91 1648 296 1696 alteram
321 1648 672 1695 examinationi
697 1646 1045 1709 discipulorum
1063 1646 1262 1694 tribuat.

90 1729 148 1775 In
192 1728 554 1774 examinatione
595 1726 852 1781 Volumus,
904 1732 956 1772 ut
998 1727 1263 1787 interroga-

90 1806 304 1856 tionibus
351 1813 399 1853 et
438 1806 852 1870 responsionibus,
901 1821 1006 1853 rem
1054 1806 1262 1853 eandem

91 1888 267 1935 clarius
292 1886 514 1949 explicet,
541 1892 746 1949 repetat,
772 1893 821 1933 et
844 1886 1018 1949 saepius
1035 1885 1260 1939 inculcet,

91 1983 182 2014 nec
196 1966 379 2028 sibiipsi
392 1971 505 2012 ante
521 1965 799 2022 satisfaciat,
819 1981 964 2027 quam
980 1965 1261 2029 Discipulus

90 2062 194 2094 rem
227 2045 525 2109 propositam
561 2044 868 2106 aliquatenus
905 2046 1071 2093 animo
1107 2053 1156 2094 et
1190 2047 1260 2093 in-

90 2124 361 2188 telligentia
408 2124 852 2188 comprehenderit.
936 2125 1091 2173 Usum
1145 2143 1258 2190 prae·

90 2211 343 2269 ceptorum
370 2204 608 2260 ostendet,
631 2210 680 2251 et
703 2205 908 2267 urgebit.
960 2206 1259 2254 Ordinamus
