1504 2501
753 125 845 170 130

205 261 301 310 tur,
330 260 379 301 et
403 254 455 300 in
481 252 616 301 finali
641 261 876 319 computo
914 270 1081 302 coram
1119 255 1393 320 Praeposito

206 341 255 382 et
284 334 573 383 Senioribus
595 335 802 392 reddita,
830 337 879 382 in
906 351 1221 383 communem
1250 352 1392 383 usum

208 413 420 476 Collegii
443 414 599 462 cedat.
674 414 729 462 Si
755 416 862 477 quis
897 423 1064 463 autem
1103 416 1394 478 delinquens

207 501 292 541 aut
313 494 475 542 Tutor
499 493 620 557 ejus,
648 495 886 543 mulctam
903 497 1184 561 impositam
1204 499 1394 546 solvere

208 591 296 641 per
331 575 551 623 triduum
585 578 898 631 recusaverit,
948 594 1037 641 pro
1085 580 1246 642 prima
1287 580 1393 627 vice

208 657 487 720 duplicetur
515 673 736 712 summa3
776 674 867 722 pro
904 659 1121 706 secunda
1155 661 1273 716 vice,
1312 662 1396 707 tri-

207 738 441 802 plicetur3
460 739 605 786 tertia
624 755 740 787 vero
754 741 875 796 vice,
894 747 1182 787 amoveatur
1200 742 1397 804 penitus

208 834 237 865 a
271 818 510 881 Collegio.
583 819 730 875 Quod
772 822 811 867 si
836 821 1144 876 Bursarium,
1197 822 1297 868 sive
1335 821 1397 868 ob

208 898 489 959 neglectum
514 899 609 946 hoc
633 901 867 954 officium,
894 901 994 947 sive
1014 899 1076 947 ob
1096 900 1229 946 aliud
1248 900 1397 962 quod-

210 993 405 1039 cunque
445 978 678 1026 delictum
716 979 945 1027 mulctari
982 980 1257 1041 contigerit,
1289 979 1396 1027 Sta-

209 1058 411 1113 tuimus,
430 1064 484 1105 ut
500 1059 603 1121 ipse
618 1058 916 1105 muletarum
934 1058 1022 1105 sibi
1040 1060 1398 1122 impositarum,

205 1135 350 1199 juxta
380 1154 438 1185 ac
468 1138 770 1200 reliquarum
803 1140 1047 1186 rationem
1082 1139 1269 1195 reddat,
1299 1155 1399 1186 eas—

213 1233 307 1279 que
335 1216 432 1264 una
463 1234 577 1265 cum
609 1218 805 1280 reliquis
836 1218 1052 1280 qualibet
1084 1220 1200 1265 anni
1227 1221 1397 1281 quarta

214 1299 265 1344 in
291 1299 409 1345 cist-21
432 1301 684 1347 communi
710 1297 939 1363 deponat,
979 1299 1068 1345 sub
1106 1300 1248 1362 poena
1286 1315 1398 1346 con-

214 1379 443 1425 tumaciae
475 1378 706 1425 adversus
742 1378 937 1426 Statuta
967 1378 1194 1441 Collegii.
1266 1378 1399 1434 Quo-

216 1459 350 1504 niam
387 1473 502 1505 vero
538 1474 630 1504 usu
665 1457 1027 1521 deprehensum
1071 1465 1157 1513 est,
1202 1475 1397 1522 poenam

217 1538 351 1584 illam
393 1540 487 1599 quii
530 1537 853 1585 Studentibus
883 1538 1133 1586 ordinaria
1163 1539 1308 1586 diaeta
1339 1540 1401 1586 ad

218 1627 414 1682 tempus
463 1618 782 1676 subtrahitur,
834 1619 896 1667 ad
947 1621 1305 1668 correctionem
1353 1629 1402 1669 et

218 1700 526 1763 disciplinam
553 1700 860 1761 quorundam
891 1701 1205 1748 Studentium
1225 1699 1401 1765 parum

219 1781 490 1843 proficere3
528 1780 690 1843 placet
725 1781 914 1842 quoties
950 1780 1010 1828 de
1045 1780 1400 1829 substractione

219 1861 456 1908 ordinarii
480 1859 785 1907 commeatus
814 1859 1008 1907 Statuta
1029 1861 1314 1922 loquuntur,
1347 1868 1402 1909 ut

218 1940 365 1987 liceat
389 1941 677 2004 Praeposito,
711 1940 788 1988 vel
819 1956 878 1988 eo
913 1941 1127 1998 absente,
1156 1942 1400 2006 Viceprae-

222 2021 395 2085 positO,
434 2020 643 2067 eandem
679 2020 753 2067 vel
790 2021 1045 2084 imponere
1080 2021 1400 2083 delinquenti,

220 2101 297 2148 vel
330 2102 381 2147 in
412 2101 559 2148 aliam
591 2118 681 2165 pro
712 2101 913 2149 arbitrio
945 2109 1264 2156 commutare,
1299 2117 1400 2162 quae

221 2181 313 2245 ipsi
338 2179 399 2226 ad
430 2181 816 2242 praeventionem
848 2180 1139 2228 delictorum
1172 2187 1221 2227 et
1249 2179 1399 2227 refor-

221 2262 494 2311 mationem
519 2259 762 2308 videbitur
786 2275 891 2308 esse
915 2260 1234 2308 commodior.
