1504 2501
730 148 793 196 46

169 289 285 337 tem,
324 278 674 326 Juramentum
723 280 1008 344 praedictum
1047 282 1099 328 in
1137 297 1188 329 se
1229 284 1349 329 reci-

168 364 274 428 piat
309 376 475 408 coram
507 359 816 408 Cancellario
849 361 1144 417 Academiae,
1175 362 1252 409 vel
1291 378 1350 409 eo

168 443 383 497 absente,
431 456 599 488 coram
642 441 956 490 Cancellario
996 443 1157 504 Regni
1194 445 1351 491 nostri

167 523 434 571 Hiberniae.
507 521 863 571 Procuratores
915 539 1032 571 vero
1077 524 1350 586 reliquique

168 602 409 651 Officiarii
424 601 719 655 Academiae,
749 602 1030 665 praedictam
1048 602 1196 650 fidem
1215 603 1347 659 dent,

164 689 221 731 ut
236 697 400 746 supra,
418 696 585 729 coram
604 680 933 737 Cancellario,
956 681 1033 728 vel
1054 697 1112 729 eo
1129 681 1349 736 absente,

164 763 568 812 Procancellario
594 761 814 824 ejusdem
841 763 1137 810 Academiae.
1211 764 1350 820 Quos

163 860 350 898 omnes,
375 859 555 907 nempe
573 842 940 890 Cancellarium
957 844 1057 890 sive
1078 843 1350 892 Custodem

164 926 332 988 magni
355 926 512 971 nostri
548 923 701 985 sigilli
733 923 938 985 Angliae‚
978 923 1349 971 Cancellarium

164 1005 328 1067 Regni
369 1004 525 1050 nostri
564 1002 833 1056 Hiberniae‚
885 1003 1259 1050 Cancellarium
1300 1011 1350 1052 et

164 1083 619 1134 Procancellarium
639 1083 923 1131 Academiae
939 1083 1185 1148 praedictae
1206 1082 1351 1147 juxta

162 1166 352 1214 Dublin
376 1181 466 1230 pro
491 1171 716 1229 tempore
747 1166 1004 1220 existente,
1029 1164 1349 1213 Authoritate

161 1246 334 1295 nostra
357 1247 489 1307 regia
514 1246 784 1301 munimus,
811 1252 868 1292 ut
905 1246 956 1291 in
996 1245 1190 1293 casibus
1232 1262 1348 1310 prae-

162 1328 320 1383 dictis,
361 1327 565 1389 singulis
604 1328 674 1374 sic
716 1327 797 1390 (ut
834 1325 1117 1390 praefertur)
1163 1327 1344 1383 electis,

161 1409 193 1455 J
197 1414 513 1456 uramentum
536 1407 882 1455 administrare
907 1407 1041 1454 licite
1061 1414 1110 1454 et
1137 1408 1344 1462 valeant,

163 1494 212 1536 et
236 1489 439 1552 possint.

228 1566 532 1621 CUMQUE
568 1565 800 1630 praedicta
836 1580 994 1629 nuper
1031 1564 1228 1627 Regina
1259 1581 1347 1629 per

161 1648 316 1695 dictas
358 1647 551 1693 Literas
591 1661 703 1692 suas
744 1652 984 1709 patentes,
1033 1645 1257 1703 voluerit,
1297 1654 1347 1694 et

160 1727 477 1782 ordinaverit,
519 1725 667 1780 Quod
692 1725 1034 1773 Cancellarius
1059 1725 1345 1772 Academiae

159 1808 397 1874 praedictae
438 1822 528 1870 pro
566 1813 791 1869 tempore
828 1806 1085 1861 existente,
1129 1804 1206 1852 vel
1240 1803 1345 1867 ejus

158 1887 600 1943 Procancellarius,
636 1901 751 1933 cum
786 1885 1175 1949 Archiepiscopo
1208 1883 1345 1932 Dub-

158 1969 245 2023 lin,
308 1967 552 2029 Episcopo
601 1965 835 2023 Midensi,
883 1965 1342 2018 Vicethesaurario,

161 2047 497 2096 Thesaurario
533 2045 594 2093 ad
630 2045 867 2099 Guerras,
904 2045 1122 2109 Capitali
1145 2044 1342 2092 Justici-

158 2129 262 2176 ario
282 2125 532 2189 'Capitalis
559 2125 718 2173 Placae
742 2133 918 2174 nostrae
944 2126 1074 2173 infra
1110 2125 1341 2187 Regnum

158 2223 303 2257 suum
336 2205 600 2259 Hiberniae,
634 2214 684 2253 et
717 2204 910 2268 Majore
943 2206 1170 2254 Civitatis
1204 2204 1340 2251 Dub-
