1458 2455
649 164 740 211 109

108 308 222 340 nam
239 298 348 356 post
363 298 588 344 mortem,
604 291 1002 352 resignationem,
1023 290 1099 337 vel
1116 306 1281 352 quam=

110 387 302 434 cunque
328 372 598 418 cessionem
622 369 835 426 Juristae,
862 369 937 417 vel
963 369 1145 417 Medici
1162 385 1280 433 prae-

108 451 339 498 cedentis.
400 451 664 498 Neminem
697 457 863 498 autem
898 450 1283 497 Volumusinvi-

107 538 211 578 tum
237 532 344 593 cogi
370 530 432 578 ad
451 530 611 577 studia
628 530 747 586 haec,
766 529 850 577 sed
866 529 1074 591 eligatur
1093 530 1279 591 aliquiS,

107 611 189 672 qui
212 610 538 673 professiones
564 609 671 656 illas
695 609 963 672 respective
1000 608 1091 655 sibi
1123 616 1279 672 optat,

106 691 253 739 modo
277 692 386 739 talis
411 693 619 739 inveniri
645 692 796 755 possit
816 692 945 738 inter
967 691 1154 740 Socios.
1195 692 1285 739 Sin

108 787 222 819 vero
238 772 402 819 nullus
419 772 535 819 velit
548 771 759 818 libenter
776 771 882 818 haec
897 771 1059 818 studia
1073 772 1283 835 amplec-

108 853 160 907 ti,
188 853 364 898 omissa
391 850 678 912 Theologia,
706 852 756 896 in
783 867 840 898 eo
861 867 991 906 casm
1020 851 1280 907 Volumus,

108 938 163 978 ut
186 948 379 995 semper
403 931 610 993 eligatur
637 931 824 986 Socius‚
848 933 928 992 qui
960 933 1089 979 inter
1107 932 1286 995 Magis-

108 1018 209 1059 tros
230 1013 281 1058 in
306 1011 508 1058 Artibus
525 1009 696 1072 junior
719 1017 805 1057 est.
878 1011 977 1065 Qui
1010 1018 1174 1059 autem
1217 1014 1286 1059 sic

110 1091 320 1153 eligitur,
354 1092 393 1137 si
425 1091 549 1137 nolit
585 1091 936 1154 professionem
978 1091 1110 1138 illam
1153 1093 1204 1138 in
1233 1108 1285 1140 se

112 1173 373 1235 suscipere,
425 1177 712 1218 amoveatur
758 1173 862 1235 ipso
908 1171 1038 1219 facto
1087 1172 1147 1219 ab
1192 1174 1287 1221 hoc

109 1259 277 1299 nostro
303 1250 542 1312 Collegio.
615 1250 762 1305 Quod
793 1266 908 1298 vero
933 1251 994 1297 ad
1032 1251 1286 1315 disputati-

110 1347 242 1387 ones
270 1338 319 1378 et
343 1332 577 1378 exercitia
602 1332 793 1384 attinet,
817 1331 1052 1392 requisita
1071 1347 1100 1378 a
1125 1331 1287 1380 Theo-

110 1412 245 1474 logis‚
287 1411 496 1458 durante
533 1413 703 1473 quovis
745 1411 1000 1467 Termino,
1044 1411 1286 1460 Nolumus

111 1508 169 1539 ea
191 1491 486 1556 Jurisperito
511 1499 597 1539 aut
632 1492 828 1540 Medico
864 1494 1064 1549 remitti,
1104 1494 1188 1541 sed
1226 1494 1286 1541 ab

111 1578 319 1633 utroque
363 1575 592 1636 praestari.
664 1573 968 1621 Communes
1011 1589 1127 1621 vero
1164 1573 1286 1621 Loci

112 1650 172 1696 ab
197 1651 255 1696 iis
273 1666 370 1697 non
392 1651 766 1714 praestabuntur.
805 1651 1049 1698 Volumus
1068 1653 1282 1716 insuper,

113 1738 169 1778 ut
210 1738 260 1778 et
294 1731 495 1787 Jurista,
523 1739 571 1779 et
608 1731 832 1779 Medicus
870 1740 979 1795 post
1015 1731 1285 1778 secundum

113 1809 425 1874 professionis
444 1811 662 1866 Annum,
690 1810 840 1857 semel
860 1811 1028 1871 quovis
1049 1809 1285 1858 Termino

115 1893 164 1936 in
190 1890 277 1937 sua
295 1889 526 1937 facultate
546 1889 826 1954 praelegant.
