1458 2455
690 164 748 211 91

129 290 351 352 Collegio
389 291 593 337 omnino
630 296 811 346 utatur,
851 293 945 338 nisi
983 299 1207 358 tempore
1242 309 1315 341 so-

128 369 380 416 lennitatis
398 369 750 416 Natalitiorum
777 370 1000 426 Domini,
1027 373 1171 435 idque
1196 373 1316 438 pub·

124 450 218 497 lice
244 451 294 497 in
328 451 460 497 Aula
495 451 732 513 Collegii3
765 452 1166 500 secus-facientes
1205 460 1316 517 post

126 532 323 579 tertiam
350 532 742 579 admonitionem
762 549 790 578 a
810 533 1033 594 Collegio
1054 548 1314 580 amovean-

123 618 217 659 tur.
290 611 445 659 Nemo
471 629 617 660 canes
642 615 909 671 venaticos,
931 615 1203 677 accipitres,
1228 620 1315 660 aut

124 707 237 739 aves
261 692 454 739 vocales
480 693 530 738 in
556 692 781 754 Collegio
814 694 1018 749 nutriat,
1046 700 1311 753 teneatve3

122 786 283 833 neque
307 773 533 835 aucupio,
553 788 713 833 neque
731 773 983 820 venationi
1002 774 1065 820 sit
1084 773 1278 821 deditus
1297 794 1311 833 3

124 852 206 912 qui
232 858 405 899 contra
428 852 613 907 fecerit,
642 852 893 915 puniatur,
932 859 988 900 ut
1025 869 1174 917 supra
1216 853 1313 901 dic-

124 939 230 979 tum
257 940 344 980 est.
414 933 549 979 Nulli
575 933 710 979 lusus
731 932 980 996 discipulis
1007 935 1054 980 in
1083 937 1209 987 area,
1236 933 1312 981 vel

123 1012 278 1060 hortis
304 1013 511 1074 Collegi}
538 1015 890 1077 permittantur
908 1032 919 1068 ς
940 1031 1031 1062 nec
1051 1015 1313 1079 discipulo-

121 1109 230 1140 rum
258 1094 358 1142 ulla
376 1096 497 1141 fiant
522 1095 573 1140 in
597 1096 713 1142 area
737 1096 1096 1152 conventicula,
1125 1111 1217 1143 nec
1243 1095 1309 1142 ibi

123 1172 435 1234 colloquendi
461 1176 604 1220 causa
628 1190 818 1220 moram
854 1174 1052 1229 faciant,
1080 1190 1242 1236 neque
1258 1175 1311 1221 in

123 1252 252 1301 Aula
299 1254 392 1300 nisi
435 1260 658 1317 tempore
704 1254 961 1310 merendra
1003 1255 1122 1301 dum
1164 1254 1311 1301 simul

122 1332 310 1380 bibunt.
381 1334 504 1381 Post
552 1334 816 1398 prandium
860 1351 978 1382 vero
1016 1341 1066 1382 et
1102 1351 1309 1389 coenam,

122 1429 182 1461 ex
206 1415 318 1461 aula
341 1415 446 1463 sine
471 1417 611 1462 mora
636 1416 907 1463 discedant.
978 1416 1150 1478 Neque
1182 1417 1308 1478 quis-

122 1509 267 1555 quam
295 1494 571 1551 Sociorum,
599 1495 928 1552 Scholarium,
956 1496 1033 1543 vel
1056 1496 1309 1544 Studenti-

122 1589 204 1619 um
239 1573 576 1636 cujuscunque
610 1577 811 1631 ordinis,
844 1584 893 1624 et
931 1577 1109 1639 gradus
1143 1577 1306 1633 fuerit,

122 1654 172 1700 in
201 1654 317 1701 urbe
344 1662 614 1718 pernoctet,
642 1673 734 1703 nec
760 1658 809 1703 in
837 1658 1038 1704 alterius
1064 1656 1305 1712 cubiculo,

121 1735 214 1780 nisi
247 1737 399 1798 petita
430 1752 459 1782 a
490 1737 763 1800 Praeposito
796 1744 882 1784 aut
921 1754 980 1785 eo
1018 1737 1235 1792 absente,
1279 1752 1309 1784 a

122 1815 509 1879 Vicepraeposito
529 1818 686 1864 venia.
747 1818 846 1872 Qui
868 1819 915 1863 in
933 1818 1007 1863 his
1027 1817 1303 1878 deliquerit,

121 1895 297 1958 primo,
320 1911 348 1941 a
368 1895 635 1960 Praeposito
652 1913 740 1961 per
758 1898 1084 1960 septimanam
1104 1915 1114 1954 3
1132 1913 1304 1945 secun-

121 1973 201 2028 do,
240 1990 329 2037 per
365 1977 702 2037 quindenam3
746 1979 909 2034 tertio,
954 1995 1042 2042 per
1081 1994 1303 2027 mensem

122 2060 403 2100 commeatu
427 2056 675 2118 privetur3
704 2055 876 2118 quarta
900 2058 1020 2114 vice,
1053 2074 1141 2121 per
1177 2059 1304 2105 Prae-

121 2130 348 2194 positum,
404 2140 453 2180 et
502 2133 741 2197 majorem
787 2142 979 2199 partem
1041 2136 1302 2184 Sociorum

125 2211 388 2260 Seniorum
441 2213 663 2278 Collegio
706 2217 940 2280 privetur.
1026 2217 1302 2266 Statuimus
