<?xml version="1.0" encoding="UTF-8"?>
<!DOCTYPE html PUBLIC "-//W3C//DTD XHTML 1.0 Transitional//EN"
    "http://www.w3.org/TR/xhtml1/DTD/xhtml1-transitional.dtd">
<html xmlns="http://www.w3.org/1999/xhtml" xml:lang="en" lang="en">
 <head>
  <title>
</title>
<meta http-equiv="Content-Type" content="text/html;charset=utf-8" />
  <meta name='ocr-system' content='tesseract 3.04.00' />
  <meta name='ocr-capabilities' content='ocr_page ocr_carea ocr_par ocr_line ocrx_word'/>
</head>
<body>
  <div class='ocr_page' id='page_1' title='image "./chartaeetstatuta00trinuoft_0160.png"; bbox 0 0 1504 2501; ppageno 0'>
   <div class='ocr_carea' id='block_1_1' title="bbox 760 194 852 237">
    <p class='ocr_par' dir='ltr' id='par_1_1' title="bbox 760 194 852 237">
     <span class='ocr_line' id='line_1_1' title="bbox 760 194 852 237; baseline 0 0"><span class='ocrx_word' id='word_1_1' title='bbox 760 194 852 237; x_wconf 69' lang='lat'>14⁶2</span> 
     </span>
    </p>
   </div>
   <div class='ocr_carea' id='block_1_2' title="bbox 188 321 1400 2326">
    <p class='ocr_par' dir='ltr' id='par_1_2' title="bbox 194 321 1400 1842">
     <span class='ocr_line' id='line_1_2' title="bbox 217 321 1400 389; baseline 0.001 -17"><span class='ocrx_word' id='word_1_2' title='bbox 217 324 480 387; x_wconf 86' lang='lat' dir='ltr'>prudentia</span> <span class='ocrx_word' id='word_1_3' title='bbox 503 324 782 389; x_wconf 81' lang='lat' dir='ltr'>prospicere</span> <span class='ocrx_word' id='word_1_4' title='bbox 805 323 1008 386; x_wconf 89' lang='lat' dir='ltr'>nequit;</span> <span class='ocrx_word' id='word_1_5' title='bbox 1034 321 1218 371; x_wconf 88' lang='lat' dir='ltr'>idcirco</span> <span class='ocrx_word' id='word_1_6' title='bbox 1241 331 1400 389; x_wconf 88' lang='lat' dir='ltr'>potes-</span> 
     </span>
     <span class='ocr_line' id='line_1_3' title="bbox 217 403 1397 469; baseline 0.001 -17"><span class='ocrx_word' id='word_1_7' title='bbox 217 413 368 452; x_wconf 81' lang='lat' dir='ltr'>tatem</span> <span class='ocrx_word' id='word_1_8' title='bbox 397 413 446 453; x_wconf 92' lang='lat' dir='ltr'>et</span> <span class='ocrx_word' id='word_1_9' title='bbox 471 405 822 453; x_wconf 73' lang='lat' dir='ltr'>authoritatem</span> <span class='ocrx_word' id='word_1_10' title='bbox 859 403 1175 452; x_wconf 82' lang='lat' dir='ltr'>concedimus</span> <span class='ocrx_word' id='word_1_11' title='bbox 1204 405 1397 469; x_wconf 86' lang='lat' dir='ltr'>Praepo-</span> 
     </span>
     <span class='ocr_line' id='line_1_4' title="bbox 214 484 1397 551; baseline 0.001 -17"><span class='ocrx_word' id='word_1_12' title='bbox 214 488 323 542; x_wconf 85' lang='lat' dir='ltr'>sit0‚</span> <span class='ocrx_word' id='word_1_13' title='bbox 351 493 402 535; x_wconf 92' lang='lat' dir='ltr'>et</span> <span class='ocrx_word' id='word_1_14' title='bbox 432 493 620 551; x_wconf 81' lang='lat' dir='ltr'>septem</span> <span class='ocrx_word' id='word_1_15' title='bbox 650 485 937 534; x_wconf 83' lang='lat' dir='ltr'>Senioribus</span> <span class='ocrx_word' id='word_1_16' title='bbox 966 484 1123 533; x_wconf 87' lang='lat' dir='ltr'>Sociis</span> <span class='ocrx_word' id='word_1_17' title='bbox 1146 502 1236 550; x_wconf 90' lang='lat' dir='ltr'>pro</span> <span class='ocrx_word' id='word_1_18' title='bbox 1276 494 1397 535; x_wconf 89' lang='lat' dir='ltr'>tem-</span> 
     </span>
     <span class='ocr_line' id='line_1_5' title="bbox 215 566 1392 631; baseline 0.003 -17"><span class='ocrx_word' id='word_1_19' title='bbox 215 583 335 630; x_wconf 80' lang='lat' dir='ltr'>pore</span> <span class='ocrx_word' id='word_1_20' title='bbox 367 567 702 623; x_wconf 78' lang='lat' dir='ltr'>existentibus,</span> <span class='ocrx_word' id='word_1_21' title='bbox 741 567 940 622; x_wconf 86' lang='lat' dir='ltr'>scilicet,</span> <span class='ocrx_word' id='word_1_22' title='bbox 984 573 1039 613; x_wconf 92' lang='lat' dir='ltr'>ut</span> <span class='ocrx_word' id='word_1_23' title='bbox 1075 566 1392 631; x_wconf 88' lang='lat' dir='ltr'>Praepositus,</span> 
     </span>
     <span class='ocr_line' id='line_1_6' title="bbox 218 647 1394 712; baseline 0.001 -18"><span class='ocrx_word' id='word_1_24' title='bbox 218 655 267 694; x_wconf 90' lang='lat' dir='ltr'>et</span> <span class='ocrx_word' id='word_1_25' title='bbox 285 647 445 710; x_wconf 86' lang='lat' dir='ltr'>major</span> <span class='ocrx_word' id='word_1_26' title='bbox 468 664 581 712; x_wconf 89' lang='lat' dir='ltr'>pars</span> <span class='ocrx_word' id='word_1_27' title='bbox 617 647 876 695; x_wconf 84' lang='lat' dir='ltr'>Sociorum</span> <span class='ocrx_word' id='word_1_28' title='bbox 908 647 1173 708; x_wconf 80' lang='lat' dir='ltr'>Seniorun,</span> <span class='ocrx_word' id='word_1_29' title='bbox 1199 650 1249 695; x_wconf 92' lang='lat' dir='ltr'>in</span> <span class='ocrx_word' id='word_1_30' title='bbox 1275 650 1394 697; x_wconf 88' lang='lat' dir='ltr'>casi-</span> 
     </span>
     <span class='ocr_line' id='line_1_7' title="bbox 216 727 1394 792; baseline 0.002 -19"><span class='ocrx_word' id='word_1_31' title='bbox 216 727 306 774; x_wconf 73' lang='lat' dir='ltr'>bus</span> <span class='ocrx_word' id='word_1_32' title='bbox 344 730 536 775; x_wconf 87' lang='lat' dir='ltr'>omissis</span> <span class='ocrx_word' id='word_1_33' title='bbox 561 728 668 792; x_wconf 79' lang='lat' dir='ltr'>(ubi</span> <span class='ocrx_word' id='word_1_34' title='bbox 698 727 822 775; x_wconf 87' lang='lat' dir='ltr'>nihil</span> <span class='ocrx_word' id='word_1_35' title='bbox 859 734 1048 775; x_wconf 89' lang='lat' dir='ltr'>certum</span> <span class='ocrx_word' id='word_1_36' title='bbox 1087 729 1136 774; x_wconf 92' lang='lat' dir='ltr'>in</span> <span class='ocrx_word' id='word_1_37' title='bbox 1183 728 1394 776; x_wconf 85' lang='lat' dir='ltr'>Statutis</span> 
     </span>
     <span class='ocr_line' id='line_1_8' title="bbox 216 807 1394 871; baseline 0.001 -18"><span class='ocrx_word' id='word_1_38' title='bbox 216 807 478 855; x_wconf 77' lang='lat' dir='ltr'>definitum</span> <span class='ocrx_word' id='word_1_39' title='bbox 513 807 609 871; x_wconf 89' lang='lat' dir='ltr'>est)</span> <span class='ocrx_word' id='word_1_40' title='bbox 647 823 776 855; x_wconf 90' lang='lat' dir='ltr'>nova</span> <span class='ocrx_word' id='word_1_41' title='bbox 800 807 999 855; x_wconf 88' lang='lat' dir='ltr'>decreta</span> <span class='ocrx_word' id='word_1_42' title='bbox 1023 807 1256 863; x_wconf 83' lang='lat' dir='ltr'>condant,</span> <span class='ocrx_word' id='word_1_43' title='bbox 1291 823 1394 870; x_wconf 78' lang='lat' dir='ltr'>quae</span> 
     </span>
     <span class='ocr_line' id='line_1_9' title="bbox 213 887 1395 952; baseline 0.002 -17"><span class='ocrx_word' id='word_1_44' title='bbox 213 888 386 950; x_wconf 84' lang='lat' dir='ltr'>(modo</span> <span class='ocrx_word' id='word_1_45' title='bbox 418 904 520 935; x_wconf 88' lang='lat' dir='ltr'>non</span> <span class='ocrx_word' id='word_1_46' title='bbox 554 894 833 952; x_wconf 87' lang='lat' dir='ltr'>repugnent</span> <span class='ocrx_word' id='word_1_47' title='bbox 871 887 1080 935; x_wconf 87' lang='lat' dir='ltr'>Statutis</span> <span class='ocrx_word' id='word_1_48' title='bbox 1112 889 1306 945; x_wconf 86' lang='lat' dir='ltr'>nostris,</span> <span class='ocrx_word' id='word_1_49' title='bbox 1345 896 1395 937; x_wconf 91' lang='lat' dir='ltr'>et</span> 
     </span>
     <span class='ocr_line' id='line_1_10' title="bbox 209 966 1393 1028; baseline 0.003 -15"><span class='ocrx_word' id='word_1_50' title='bbox 209 969 426 1016; x_wconf 79' lang='lat' dir='ltr'>habeant</span> <span class='ocrx_word' id='word_1_51' title='bbox 450 985 744 1016; x_wconf 88' lang='lat' dir='ltr'>consensum</span> <span class='ocrx_word' id='word_1_52' title='bbox 770 966 1122 1028; x_wconf 80' lang='lat' dir='ltr'>Visitatorum)</span> <span class='ocrx_word' id='word_1_53' title='bbox 1149 969 1245 1015; x_wconf 90' lang='lat' dir='ltr'>vim</span> <span class='ocrx_word' id='word_1_54' title='bbox 1276 968 1393 1016; x_wconf 88' lang='lat' dir='ltr'>obli-</span> 
     </span>
     <span class='ocr_line' id='line_1_11' title="bbox 206 1048 1389 1114; baseline 0.002 -19"><span class='ocrx_word' id='word_1_55' title='bbox 206 1048 371 1110; x_wconf 78' lang='lat' dir='ltr'>gandi,</span> <span class='ocrx_word' id='word_1_56' title='bbox 427 1049 515 1096; x_wconf 90' lang='lat' dir='ltr'>sub</span> <span class='ocrx_word' id='word_1_57' title='bbox 568 1051 723 1114; x_wconf 85' lang='lat' dir='ltr'>poenis</span> <span class='ocrx_word' id='word_1_58' title='bbox 764 1050 816 1095; x_wconf 89' lang='lat' dir='ltr'>in</span> <span class='ocrx_word' id='word_1_59' title='bbox 862 1049 1035 1096; x_wconf 84' lang='lat' dir='ltr'>iisdem</span> <span class='ocrx_word' id='word_1_60' title='bbox 1083 1050 1389 1114; x_wconf 72' lang='lat' dir='ltr'>praescriptis,</span> 
     </span>
     <span class='ocr_line' id='line_1_12' title="bbox 204 1128 1389 1192; baseline -0.001 -16"><span class='ocrx_word' id='word_1_61' title='bbox 204 1129 428 1178; x_wconf 88' lang='lat' dir='ltr'>obtinere</span> <span class='ocrx_word' id='word_1_62' title='bbox 467 1130 728 1187; x_wconf 87' lang='lat' dir='ltr'>Volumus,</span> <span class='ocrx_word' id='word_1_63' title='bbox 766 1129 925 1177; x_wconf 89' lang='lat' dir='ltr'>donec</span> <span class='ocrx_word' id='word_1_64' title='bbox 949 1129 1196 1192; x_wconf 89' lang='lat' dir='ltr'>(cessante</span> <span class='ocrx_word' id='word_1_65' title='bbox 1220 1128 1389 1192; x_wconf 70' lang='lat' dir='ltr'>causa)</span> 
     </span>
     <span class='ocr_line' id='line_1_13' title="bbox 202 1212 1390 1278; baseline -0.001 -18"><span class='ocrx_word' id='word_1_66' title='bbox 202 1215 359 1261; x_wconf 85' lang='lat' dir='ltr'>visum</span> <span class='ocrx_word' id='word_1_67' title='bbox 385 1215 535 1262; x_wconf 88' lang='lat' dir='ltr'>fuerit</span> <span class='ocrx_word' id='word_1_68' title='bbox 559 1214 848 1278; x_wconf 68' lang='lat' dir='ltr'>Praeposito,</span> <span class='ocrx_word' id='word_1_69' title='bbox 891 1219 942 1260; x_wconf 91' lang='lat' dir='ltr'>et</span> <span class='ocrx_word' id='word_1_70' title='bbox 976 1212 1134 1260; x_wconf 85' lang='lat' dir='ltr'>Sociis</span> <span class='ocrx_word' id='word_1_71' title='bbox 1174 1212 1390 1260; x_wconf 87' lang='lat' dir='ltr'>Seniori-</span> 
     </span>
     <span class='ocr_line' id='line_1_14' title="bbox 205 1293 1387 1357; baseline 0.002 -18"><span class='ocrx_word' id='word_1_72' title='bbox 205 1293 309 1349; x_wconf 80' lang='lat' dir='ltr'>bus,</span> <span class='ocrx_word' id='word_1_73' title='bbox 355 1295 433 1341; x_wconf 88' lang='lat' dir='ltr'>vel</span> <span class='ocrx_word' id='word_1_74' title='bbox 474 1293 653 1357; x_wconf 83' lang='lat' dir='ltr'>majori</span> <span class='ocrx_word' id='word_1_75' title='bbox 695 1301 834 1357; x_wconf 80' lang='lat' dir='ltr'>parte</span> <span class='ocrx_word' id='word_1_76' title='bbox 879 1293 1167 1350; x_wconf 89' lang='lat' dir='ltr'>eorundem,</span> <span class='ocrx_word' id='word_1_77' title='bbox 1213 1293 1387 1341; x_wconf 86' lang='lat' dir='ltr'>eadem</span> 
     </span>
     <span class='ocr_line' id='line_1_15' title="bbox 203 1373 1386 1422; baseline -0.001 -1"><span class='ocrx_word' id='word_1_78' title='bbox 203 1374 401 1422; x_wconf 86' lang='lat' dir='ltr'>decreta</span> <span class='ocrx_word' id='word_1_79' title='bbox 426 1391 536 1422; x_wconf 86' lang='lat' dir='ltr'>cum</span> <span class='ocrx_word' id='word_1_80' title='bbox 577 1390 818 1422; x_wconf 90' lang='lat' dir='ltr'>consensu</span> <span class='ocrx_word' id='word_1_81' title='bbox 851 1373 1021 1420; x_wconf 90' lang='lat' dir='ltr'>itidem</span> <span class='ocrx_word' id='word_1_82' title='bbox 1059 1373 1386 1421; x_wconf 83' lang='lat' dir='ltr'>Visitatorum</span> 
     </span>
     <span class='ocr_line' id='line_1_16' title="bbox 199 1452 1384 1517; baseline 0 -17"><span class='ocrx_word' id='word_1_83' title='bbox 199 1455 494 1502; x_wconf 87' lang='lat' dir='ltr'>rescindere.</span> <span class='ocrx_word' id='word_1_84' title='bbox 567 1455 843 1501; x_wconf 79' lang='lat' dir='ltr'>Hortamur</span> <span class='ocrx_word' id='word_1_85' title='bbox 866 1461 1050 1509; x_wconf 84' lang='lat' dir='ltr'>tamen,</span> <span class='ocrx_word' id='word_1_86' title='bbox 1077 1459 1133 1500; x_wconf 93' lang='lat' dir='ltr'>ut</span> <span class='ocrx_word' id='word_1_87' title='bbox 1151 1452 1384 1517; x_wconf 87' lang='lat' dir='ltr'>Praeposi-</span> 
     </span>
     <span class='ocr_line' id='line_1_17' title="bbox 198 1535 1383 1599; baseline 0.001 -19"><span class='ocrx_word' id='word_1_88' title='bbox 198 1540 277 1580; x_wconf 87' lang='lat' dir='ltr'>tus</span> <span class='ocrx_word' id='word_1_89' title='bbox 302 1542 350 1582; x_wconf 90' lang='lat' dir='ltr'>et</span> <span class='ocrx_word' id='word_1_90' title='bbox 379 1535 513 1582; x_wconf 86' lang='lat' dir='ltr'>Socii</span> <span class='ocrx_word' id='word_1_91' title='bbox 541 1535 772 1583; x_wconf 81' lang='lat' dir='ltr'>Seniores</span> <span class='ocrx_word' id='word_1_92' title='bbox 810 1536 902 1582; x_wconf 71' lang='lat' dir='ltr'>hac</span> <span class='ocrx_word' id='word_1_93' title='bbox 939 1541 1197 1599; x_wconf 81' lang='lat' dir='ltr'>potestate,</span> <span class='ocrx_word' id='word_1_94' title='bbox 1235 1550 1383 1596; x_wconf 86' lang='lat' dir='ltr'>quam</span> 
     </span>
     <span class='ocr_line' id='line_1_18' title="bbox 195 1615 1381 1678; baseline 0.003 -19"><span class='ocrx_word' id='word_1_95' title='bbox 195 1615 497 1676; x_wconf 86' lang='lat' dir='ltr'>parcissime,</span> <span class='ocrx_word' id='word_1_96' title='bbox 526 1622 574 1663; x_wconf 90' lang='lat' dir='ltr'>et</span> <span class='ocrx_word' id='word_1_97' title='bbox 597 1632 698 1663; x_wconf 87' lang='lat' dir='ltr'>non</span> <span class='ocrx_word' id='word_1_98' title='bbox 723 1617 818 1663; x_wconf 87' lang='lat' dir='ltr'>nisi</span> <span class='ocrx_word' id='word_1_99' title='bbox 843 1623 1049 1678; x_wconf 82' lang='lat' dir='ltr'>urgente</span> <span class='ocrx_word' id='word_1_100' title='bbox 1073 1616 1381 1673; x_wconf 79' lang='lat' dir='ltr'>necessitate,</span> 
     </span>
     <span class='ocr_line' id='line_1_19' title="bbox 194 1696 1380 1759; baseline -0.001 -16"><span class='ocrx_word' id='word_1_101' title='bbox 194 1705 432 1756; x_wconf 87' lang='lat' dir='ltr'>utantur;</span> <span class='ocrx_word' id='word_1_102' title='bbox 458 1714 522 1745; x_wconf 91' lang='lat' dir='ltr'>ne</span> <span class='ocrx_word' id='word_1_103' title='bbox 546 1698 701 1744; x_wconf 88' lang='lat' dir='ltr'>nimia</span> <span class='ocrx_word' id='word_1_104' title='bbox 731 1696 940 1744; x_wconf 85' lang='lat' dir='ltr'>facilitas</span> <span class='ocrx_word' id='word_1_105' title='bbox 977 1698 1029 1743; x_wconf 88' lang='lat' dir='ltr'>in</span> <span class='ocrx_word' id='word_1_106' title='bbox 1065 1696 1380 1759; x_wconf 84' lang='lat' dir='ltr'>evaginandis</span> 
     </span>
     <span class='ocr_line' id='line_1_20' title="bbox 196 1778 971 1842; baseline -0.003 -17"><span class='ocrx_word' id='word_1_107' title='bbox 196 1778 405 1825; x_wconf 89' lang='lat' dir='ltr'>decretis</span> <span class='ocrx_word' id='word_1_108' title='bbox 429 1784 770 1842; x_wconf 89' lang='lat' dir='ltr'>contemptum</span> <span class='ocrx_word' id='word_1_109' title='bbox 796 1778 971 1842; x_wconf 85' lang='lat' dir='ltr'>pariat.</span> 
     </span>
    </p>

    <p class='ocr_par' dir='ltr' id='par_1_3' title="bbox 188 1857 1378 2326">
     <span class='ocr_line' id='line_1_21' title="bbox 272 1857 1378 1921; baseline -0.001 -15"><span class='ocrx_word' id='word_1_110' title='bbox 272 1859 549 1916; x_wconf 88' lang='lat' dir='ltr'>Postremo,</span> <span class='ocrx_word' id='word_1_111' title='bbox 583 1860 817 1921; x_wconf 87' lang='lat' dir='ltr'>quoniam</span> <span class='ocrx_word' id='word_1_112' title='bbox 854 1858 978 1905; x_wconf 90' lang='lat' dir='ltr'>nihil</span> <span class='ocrx_word' id='word_1_113' title='bbox 1014 1857 1155 1905; x_wconf 85' lang='lat' dir='ltr'>bonis</span> <span class='ocrx_word' id='word_1_114' title='bbox 1189 1857 1378 1920; x_wconf 86' lang='lat' dir='ltr'>legibus</span> 
     </span>
     <span class='ocr_line' id='line_1_22' title="bbox 194 1940 1376 2004; baseline 0.001 -18"><span class='ocrx_word' id='word_1_115' title='bbox 194 1940 317 1987; x_wconf 89' lang='lat' dir='ltr'>adeo</span> <span class='ocrx_word' id='word_1_116' title='bbox 348 1941 535 1987; x_wconf 86' lang='lat' dir='ltr'>firmari</span> <span class='ocrx_word' id='word_1_117' title='bbox 567 1941 848 2003; x_wconf 88' lang='lat' dir='ltr'>munirique</span> <span class='ocrx_word' id='word_1_118' title='bbox 879 1947 1056 2004; x_wconf 86' lang='lat' dir='ltr'>potest,</span> <span class='ocrx_word' id='word_1_119' title='bbox 1091 1940 1206 2003; x_wconf 80' lang='lat' dir='ltr'>quin</span> <span class='ocrx_word' id='word_1_120' title='bbox 1233 1940 1294 1987; x_wconf 89' lang='lat' dir='ltr'>ab</span> <span class='ocrx_word' id='word_1_121' title='bbox 1320 1941 1376 1987; x_wconf 89' lang='lat' dir='ltr'>iis</span> 
     </span>
     <span class='ocr_line' id='line_1_23' title="bbox 194 2020 1374 2085; baseline 0.002 -19"><span class='ocrx_word' id='word_1_122' title='bbox 194 2021 276 2081; x_wconf 75' lang='lat' dir='ltr'>qui</span> <span class='ocrx_word' id='word_1_123' title='bbox 300 2020 509 2069; x_wconf 88' lang='lat' dir='ltr'>licenter</span> <span class='ocrx_word' id='word_1_124' title='bbox 532 2022 713 2079; x_wconf 89' lang='lat' dir='ltr'>vivere,</span> <span class='ocrx_word' id='word_1_125' title='bbox 741 2028 789 2069; x_wconf 90' lang='lat' dir='ltr'>et</span> <span class='ocrx_word' id='word_1_126' title='bbox 818 2022 955 2070; x_wconf 85' lang='lat' dir='ltr'>luxui</span> <span class='ocrx_word' id='word_1_127' title='bbox 997 2028 1145 2085; x_wconf 85' lang='lat' dir='ltr'>atque</span> <span class='ocrx_word' id='word_1_128' title='bbox 1184 2021 1374 2069; x_wconf 85' lang='lat' dir='ltr'>libidini</span> 
     </span>
     <span class='ocr_line' id='line_1_24' title="bbox 190 2100 1372 2165; baseline 0.002 -19"><span class='ocrx_word' id='word_1_129' title='bbox 190 2100 340 2146; x_wconf 81' lang='lat' dir='ltr'>fraena</span> <span class='ocrx_word' id='word_1_130' title='bbox 362 2100 528 2149; x_wconf 82' lang='lat' dir='ltr'>laxare</span> <span class='ocrx_word' id='word_1_131' title='bbox 561 2101 775 2157; x_wconf 88' lang='lat' dir='ltr'>student,</span> <span class='ocrx_word' id='word_1_132' title='bbox 820 2102 984 2165; x_wconf 90' lang='lat' dir='ltr'>aliquo</span> <span class='ocrx_word' id='word_1_133' title='bbox 1020 2102 1205 2150; x_wconf 85' lang='lat' dir='ltr'>fraudis</span> <span class='ocrx_word' id='word_1_134' title='bbox 1242 2117 1372 2149; x_wconf 89' lang='lat' dir='ltr'>com-</span> 
     </span>
     <span class='ocr_line' id='line_1_25' title="bbox 188 2181 1372 2245; baseline 0.001 -18"><span class='ocrx_word' id='word_1_135' title='bbox 188 2189 358 2228; x_wconf 85' lang='lat' dir='ltr'>mento</span> <span class='ocrx_word' id='word_1_136' title='bbox 383 2181 526 2230; x_wconf 86' lang='lat' dir='ltr'>facile</span> <span class='ocrx_word' id='word_1_137' title='bbox 551 2191 698 2245; x_wconf 89' lang='lat' dir='ltr'>queat</span> <span class='ocrx_word' id='word_1_138' title='bbox 721 2184 859 2232; x_wconf 86' lang='lat' dir='ltr'>illudi</span> <span class='ocrx_word' id='word_1_139' title='bbox 882 2204 895 2243; x_wconf 90' lang='lat'>;</span> <span class='ocrx_word' id='word_1_140' title='bbox 923 2184 1106 2232; x_wconf 88' lang='lat' dir='ltr'>idcirco</span> <span class='ocrx_word' id='word_1_141' title='bbox 1139 2183 1372 2229; x_wconf 86' lang='lat' dir='ltr'>Visitato-</span> 
     </span>
     <span class='ocr_line' id='line_1_26' title="bbox 189 2260 1370 2326; baseline 0 -17"><span class='ocrx_word' id='word_1_142' title='bbox 189 2261 322 2310; x_wconf 88' lang='lat' dir='ltr'>ribus</span> <span class='ocrx_word' id='word_1_143' title='bbox 337 2260 547 2323; x_wconf 84' lang='lat' dir='ltr'>Collegii</span> <span class='ocrx_word' id='word_1_144' title='bbox 566 2264 616 2309; x_wconf 92' lang='lat' dir='ltr'>in</span> <span class='ocrx_word' id='word_1_145' title='bbox 637 2263 827 2311; x_wconf 73' lang='lat' dir='ltr'>Charta</span> <span class='ocrx_word' id='word_1_146' title='bbox 844 2263 1023 2312; x_wconf 69' lang='lat' dir='ltr'>Nostra</span> <span class='ocrx_word' id='word_1_147' title='bbox 1043 2263 1199 2326; x_wconf 71' lang='lat' dir='ltr'>Regia</span> <span class='ocrx_word' id='word_1_148' title='bbox 1217 2261 1370 2324; x_wconf 86' lang='lat' dir='ltr'>desig-</span> 
     </span>
    </p>
   </div>
  </div>
 </body>
</html>
