1504 2501
754 163 843 211 156

203 294 459 352 videbitur,
508 301 744 343 vocentur
789 302 954 343 autem
1007 294 1135 341 Socii
1181 292 1241 340 ad
1287 291 1382 339 hoo

203 393 387 425 munus
423 393 618 441 semper
653 377 934 441 incipiendo
959 375 1217 438 ajuniore.
1288 375 1383 422 Po-

204 462 432 504 testatem
474 458 624 504 etiam
679 459 993 506 concedimus
1041 458 1310 521 Praeposito
1336 462 1385 503 et

212 536 371 584 Sociis
400 537 695 594 SenioribuS‚
724 555 889 586 annua
912 539 1090 585 salaria
1115 538 1384 585 Tutoribus

205 623 351 678 gestae
389 617 579 664 Tutelae
614 620 814 665 nomine
855 619 1100 674 solvenda,
1140 618 1250 682 (sed
1274 633 1386 665 cum

206 711 448 743 consensu
474 697 843 762 Visitatorum,)
870 700 929 747 de
954 707 1176 764 tempore
1196 701 1245 746 in
1265 706 1384 747 tem-

204 791 297 839 pus
319 777 560 823 mutandi.

270 855 338 902 Et
361 872 472 903 cum
498 873 586 920 per
605 865 752 922 caput
772 859 1075 905 Statutorum
1097 860 1381 906 vicesimum

212 937 413 982 tertium
453 938 700 999 provisum
728 939 790 984 sit
828 945 879 985 ut
916 939 1105 985 mulotae
1144 940 1383 1002 impositae

207 1031 339 1063 anno
385 1016 525 1063 finito
556 1033 584 1063 a
609 1016 841 1065 Bursario
879 1019 927 1064 in
967 1021 1218 1066 communi
1265 1021 1383 1067 cista

207 1095 416 1158 Collegii
463 1105 780 1161 reponantur,
821 1115 911 1146 nos
948 1099 1090 1146 aliter
1126 1099 1383 1163 disponen-

203 1176 314 1223 dam
341 1193 445 1225 esse
470 1178 598 1226 hane
638 1195 881 1226 summam
920 1181 1154 1237 volentes,
1190 1181 1382 1228 ordina-

206 1272 330 1312 mus,
371 1263 426 1304 ut
467 1273 597 1304 anno
638 1260 777 1305 finito
802 1261 851 1305 in
878 1260 1045 1307 codice
1081 1263 1329 1308 rationum
1355 1278 1384 1309 a

208 1337 442 1384 Bursario
483 1340 685 1385 seorsim
723 1340 1064 1397 inscribantur,
1103 1341 1237 1389 etad
1260 1342 1383 1388 aedes

206 1417 496 1464 reficiendas
521 1418 591 1464 ve]
619 1417 928 1466 aedificandas
968 1436 1162 1484 semper
1197 1422 1382 1484 impen-

207 1498 400 1545 dantur.

271 1579 337 1626 Et
361 1595 471 1626 eum
499 1596 586 1643 per
613 1580 922 1628 Statutorum
951 1589 1098 1644 caput
1135 1581 1380 1628 decimum

206 1675 392 1706 nonum
431 1662 677 1723 provisum
703 1662 765 1708 sit
790 1668 843 1708 ut
867 1661 1128 1708 Bursarius
1153 1661 1382 1723 quioquid

205 1741 448 1804 receperit
483 1741 532 1786 in
569 1743 820 1788 communi
867 1743 986 1789 cista
1027 1749 1250 1806 reponat,
1289 1743 1383 1790 hoo

209 1827 372 1868 autem
399 1827 449 1868 et
484 1821 647 1868 minus
689 1821 1000 1869 commodum
1039 1824 1101 1869 sit
1136 1838 1229 1870 nee
1267 1824 1382 1870 satis

205 1907 383 1957 tutum,
421 1901 646 1948 volumus
683 1903 831 1963 igitur
863 1908 910 1950 et
940 1904 1215 1958 statuimus,
1250 1909 1305 1950 ut
1329 1904 1379 1949 in

206 1987 458 2044 posterum
492 1981 750 2029 Bursarius
785 1983 1013 2045 quiequid
1049 1984 1303 2047 receperit,
1331 1985 1380 2029 in

208 2064 483 2123 argentario
520 2063 727 2127 publicai,
756 2070 840 2110 aut
864 2064 912 2109 in
934 2063 1043 2118 alie,
1071 2079 1100 2110 a
1118 2063 1382 2126 Praeposito

209 2149 259 2190 et
287 2141 442 2189 Sociis
471 2143 757 2190 Senioribus
794 2146 930 2205 (cum
956 2158 1198 2190 consensu
1221 2143 1379 2188 visita-

207 2220 398 2282 torum)
433 2221 747 2283 designanda,
786 2222 1016 2285 deponat,
1043 2222 1379 2284 apochamque
