1504 2501
768 166 857 219 174

212 299 550 364 putationibus
568 299 597 349 J
603 299 801 347 uridieis
826 298 1162 363 perfungatur.
1233 296 1392 343 Porro

212 381 511 428 Professoris
541 395 750 428 examen
788 379 975 433 subeat,
1002 378 1171 440 quales
1196 379 1247 424 in
1273 378 1393 425 utri-

212 476 368 522 usque
404 459 817 524 Jurisprudentiae
852 459 1014 506 studio
1061 458 1234 506 fecerit
1283 472 1395 521 pro-

211 556 418 602 gressus.

290 619 391 674 Qui
438 618 500 666 ad
545 618 873 666 Doctoratum
921 618 973 663 in
1018 623 1228 678 utroque
1273 615 1396 664 Jure

214 699 495 763 promoveri
526 699 676 762 eupit,
707 699 746 744 si
771 697 1164 744 Baooalaureatu
1188 697 1238 742 in
1263 702 1398 743 utro·

215 795 309 840 que
350 779 472 826 Jure
519 779 779 840 insignitus
825 777 987 833 fuerit,
1037 784 1300 840 postquam
1347 777 1400 823 in

215 858 419 906 Artibus
465 860 664 922 incepit,
714 865 927 920 quatuor
974 874 1131 905 annos
1184 859 1401 919 integros

218 940 270 985 in
294 944 504 1000 utroque
529 937 651 985 Jure
675 937 839 984 studio
875 944 1028 1000 ponat
1055 957 1066 995 3
1107 936 1326 998 alioquin
1361 937 1402 982 si

217 1019 584 1067 Baocalaureus
619 1019 671 1064 in
707 1023 916 1079 utroque
953 1016 984 1063 J
992 1032 1095 1072 ure,
1135 1022 1403 1077 antequam

219 1100 458 1161 Magister
510 1099 562 1145 in
613 1097 821 1144 Artibus
873 1097 1037 1152 fuerit,
1101 1111 1187 1143 sex
1247 1109 1404 1142 annos

220 1181 437 1241 integros
473 1179 524 1225 in
559 1177 721 1225 studio
758 1177 893 1224 Juris
933 1177 1188 1237 utrIusque
1234 1181 1402 1238 ponat,

219 1260 508 1323 priusquam
544 1257 607 1305 ad
641 1257 979 1322 incipiendum
1027 1259 1077 1304 in
1125 1256 1298 1304 eadem
1338 1256 1405 1304 fa-

222 1340 407 1387 cultate
432 1339 739 1386 admittatur.

288 1419 428 1466 Idem
460 1418 581 1465 duas
614 1418 850 1465 utriusvis
885 1417 1020 1464 Juris
1054 1417 1187 1478 leges
1223 1432 1251 1463 a
1286 1415 1407 1463 Pro-

223 1500 409 1548 fessore
447 1499 673 1563 accipiat,
709 1497 896 1545 duabus
927 1496 1222 1544 lectionibus
1259 1497 1409 1544 inter·

223 1579 489 1645 pretandas
532 1585 581 1626 et
617 1578 1119 1626 commentationibus
1168 1593 1409 1626 exornan-

224 1661 326 1716 das,
355 1667 405 1707 et
427 1659 515 1706 sibi
544 1659 692 1720 eligat
718 1673 1063 1719 quameunque
1081 1656 1113 1704 J
1117 1658 1217 1704 uris
1237 1657 1409 1705 Civilis

227 1741 305 1789 vel
336 1740 580 1788 Canoniei
612 1746 805 1803 partem
836 1738 1025 1786 duabus
1058 1738 1165 1786 aliis
1189 1738 1411 1786 lectioni-

226 1822 318 1869 bus
337 1820 694 1885 explicandam.

295 1901 664 1966 Respondentis
696 1907 745 1949 et
774 1900 1069 1965 opponentis
1102 1900 1229 1947 vices
1259 1897 1411 1946 semel

231 1981 416 2029 subeat.
