1504 2501
805 148 834 192 2

231 278 431 324 vitatem
455 275 644 324 Dublin
670 276 732 324 ad
750 277 1012 325 meliorem
1046 277 1405 335 educationem,

232 357 610 413 institutionem,
633 363 682 405 et
697 358 1072 405 instructionem
1094 357 1403 405 Scholarium

232 443 281 484 et
322 436 635 484 Studentium
683 438 734 485 in
781 438 957 501 Regno
979 445 1148 486 nostro
1171 439 1404 503 praedicto

233 516 435 578 erigere,
470 516 693 573 fundare,
728 523 777 564 et
810 517 1027 565 stabilire
1054 517 1400 579 dignaremur;

228 597 303 642 Ac
328 596 472 642 etiam
497 601 553 642 ut
576 595 740 657 aliquo
773 596 920 644 modo
953 597 1211 644 commode
1246 599 1404 662 provi-

231 675 430 722 deretur
473 691 563 739 pro
609 675 909 724 relevamine
957 683 1007 724 et
1046 678 1403 725 sustentatione

227 755 503 820 Praepositi,
548 755 824 813 Sociorum,
873 762 923 803 et
952 756 1265 804 Scholarium
1286 774 1402 819 quo-

228 834 439 882 rundam
459 852 470 881 ε
499 834 771 883 SCIATIS
790 835 920 896 quod
944 852 1048 891 nos,
1072 852 1161 899 pro
1188 836 1246 882 ea
1269 836 1401 883 Cura

231 930 379 975 quam
429 913 490 960 de
534 913 806 960 Juventute
852 913 1014 976 Regni
1047 915 1202 961 nostri
1228 913 1403 961 Hiber-

227 994 322 1039 niae
367 991 445 1056 pie
495 999 544 1039 et
588 991 857 1039 liberaliter
893 993 1195 1040 instituenda
1240 995 1404 1056 singu-

226 1078 381 1124 larem
423 1076 677 1132 habemus,
705 1092 763 1123 ac
795 1092 884 1140 pro
929 1076 1272 1124 benevolentia
1309 1077 1405 1139 qua

226 1156 417 1211 Studia,
454 1155 805 1218 Studiososque
845 1157 1189 1220 prosequimur
1229 1158 1309 1219 (ut
1343 1172 1401 1203 eo

221 1236 398 1283 melius
416 1235 477 1282 ad
500 1235 653 1282 bonas
690 1242 818 1283 artes
841 1236 1197 1300 percipiendas,
1240 1236 1400 1283 colen-

221 1317 431 1378 damque
450 1316 678 1362 virtutem
701 1321 750 1362 et
773 1315 1060 1377 religionem
1081 1313 1399 1377 adjuventur)

220 1398 336 1444 huic
370 1398 462 1461 piae
499 1396 738 1443 Petitioni
771 1394 983 1458 gratiose
1006 1403 1295 1451 annuentes,
1339 1396 1400 1444 de

223 1480 398 1528 Gratia
420 1478 590 1525 nostra
606 1478 822 1542 speciali,
839 1494 896 1525 ac
921 1494 980 1525 ex
1000 1477 1134 1524 certa
1161 1477 1396 1533 Scientia,

221 1567 270 1606 et
293 1574 430 1606 mero
467 1557 612 1604 Motu
641 1558 822 1605 nostris
859 1557 1118 1612 VolunmS‚
1160 1557 1399 1604 Concedi-

219 1655 343 1695 mus,
367 1645 417 1686 et
441 1638 754 1692 Ordinamus,
778 1654 868 1702 pro
892 1637 1059 1693 Nobis,
1092 1637 1396 1694 Haeredibus,

220 1726 269 1766 et
303 1717 676 1766 Successoribus
711 1719 905 1774 nostris,
951 1717 1097 1773 Quod
1125 1717 1185 1764 de
1219 1724 1398 1765 caetero

220 1801 296 1856 sit,
324 1806 373 1847 et
397 1799 504 1852 erit,
530 1814 685 1845 unum
711 1798 988 1861 Collegium
1013 1798 1177 1846 Mater
1192 1798 1398 1845 Univer-

222 1881 392 1936 sitatis,
428 1880 478 1926 in
505 1879 720 1941 quodam
745 1879 854 1926 loco
885 1885 1058 1926 vocato
1082 1877 1401 1925 Allhallowes

215 1959 359 2022 juxta
395 1957 584 2005 Dublin
616 1958 923 2023 praedictum,
961 1974 1052 2023 pro
1090 1957 1396 2012 educatione,

221 2039 544 2094 institutione,
587 2045 635 2086 et
680 2040 1005 2087 instructione
1047 2037 1313 2094 Juvenum,
1350 2044 1400 2085 et

223 2120 540 2168 Studentium
563 2119 613 2167 in
632 2120 835 2168 Artibus
854 2126 903 2167 et
920 2117 1270 2173 FacultatibuS,
1290 2132 1398 2180 per-

220 2203 380 2265 petuis
416 2201 594 2250 futuris
641 2201 945 2266 temporibus
982 2200 1304 2257 duraturum3
1348 2204 1397 2244 et
