1504 2501
787 123 851 165 52

223 247 337 294 dine
385 247 689 309 exulassent>
736 257 977 297 revocatae
1024 251 1136 306 sint,
1186 258 1235 299 et
1279 253 1408 316 apud

222 325 481 388 plerasque
518 328 744 375 nationes
780 329 831 375 in
855 345 1036 392 magno
1071 330 1259 378 honore
1295 347 1408 378 con-

220 408 412 454 stitutae.
485 407 556 455 Ut
588 415 779 456 exteras
827 411 1056 458 nationes
1102 412 1405 467 omittamus,

220 488 505 535 intueamur
548 489 782 551 Angliam
828 497 1063 547 nostram,
1110 492 1161 538 in
1206 492 1301 553 qua
1336 498 1407 539 tot

219 569 401 632 passim
441 576 671 618 extructae
714 571 918 628 Scholae,
961 580 1010 620 et
1050 580 1152 620 tam
1195 572 1408 620 illustres

221 650 503 698 Academiae
523 658 768 700 testantur
787 653 934 700 Artes
959 652 1186 701 liberales
1205 668 1406 700 summae¹

219 748 348 778 curae
384 732 665 780 clarissimis
701 733 1031 798 Principibus,
1071 736 1408 782 Antecessori-

218 814 307 861 bus
332 814 523 862 Nostris
560 815 739 876 fuisse3
767 833 928 879 neque
964 833 1080 865 vero
1106 818 1276 880 dignas
1300 826 1406 866 tan-

216 901 324 941 tum
350 896 708 952 existimarunt,
750 914 852 959 quae
878 897 938 944 ab
963 897 1205 959 indigenis
1231 899 1406 961 Anglis

217 976 434 1023 studiose
471 977 752 1025 colerentur
770 998 782 1037 3
825 978 909 1025 sed
936 994 1048 1025 cum
1088 995 1169 1026 eas
1194 980 1319 1026 tanti
1345 979 1405 1026 ad

215 1056 469 1118 pietatem,
520 1062 569 1103 et
614 1056 977 1105 humanitatem
1018 1060 1257 1106 momenti
1301 1075 1404 1106 esse

214 1136 565 1198 perspicerent,
616 1135 677 1183 de
722 1136 979 1184 literarum
1026 1139 1163 1199 quasi
1209 1139 1401 1186 coloni-si

216 1218 382 1278 aliqu-Et
426 1218 477 1264 in
523 1217 816 1264 Hiberniam
866 1218 941 1282 (in
967 1219 1063 1280 qua
1086 1219 1204 1266 olim
1229 1219 1403 1267 florue-

213 1298 350 1367 rant)
372 1299 655 1347 reducenda
679 1300 970 1361 cogitarunt.
1012 1298 1157 1354 Quod
1178 1305 1227 1346 et
1244 1298 1403 1363 reipsz‘i

211 1379 327 1426 fecit
351 1379 545 1441 Regina
582 1378 876 1425 Elizabetha
907 1378 1110 1426 celebris
1135 1381 1402 1435 memoriae,

213 1460 491 1522 Collegium
533 1459 729 1507 Sanctae
767 1460 1003 1507 Trinitati
1033 1459 1177 1522 juxta
1213 1460 1400 1508 Urbem

210 1539 591 1586 Dubliniensem
616 1539 943 1598 exstruend03
973 1539 1103 1601 quod
1143 1540 1292 1586 etiam
1319 1556 1401 1587 an-

209 1621 320 1667 nuis
345 1620 581 1667 reditibus
602 1620 801 1676 dotavit,
830 1627 878 1667 et
902 1620 1184 1667 Academiae
1209 1620 1400 1683 privile-

209 1702 299 1763 giis
338 1702 545 1748 ornavit.
619 1700 776 1763 Cujus
810 1702 1090 1766 exemplum
1123 1702 1235 1749 Rex
1257 1701 1399 1748 Jaco-

208 1783 297 1830 bus
329 1783 647 1830 charissimus
683 1782 836 1829 Pater
859 1782 1040 1829 Noster
1066 1781 1397 1829 celeberrimae.

208 1864 461 1909 memoriae
487 1870 699 1916 secutus,
727 1863 857 1910 idem
891 1862 1170 1925 Collegium
1207 1864 1397 1924 magnis

207 1943 527 2006 proventibus
579 1950 627 1991 et
664 1944 935 1991 latifundiis
974 1945 1123 1990 auxit.
1194 1943 1260 1990 Et
1296 1943 1397 1990 Nos

206 2024 384 2070 horum
411 2023 850 2071 Serenissimorum
863 2024 1153 2088 Principum
1180 2023 1393 2084 vestig'iis

207 2104 514 2160 inliae1·enteS‚
554 2121 613 2152 ex
632 2106 787 2167 gratia
807 2105 975 2152 nostra
996 2103 1209 2168 speciali,
1230 2109 1277 2150 et
1304 2118 1393 2165 pro

205 2183 445 2245 singulari
470 2183 651 2243 favore,
696 2200 793 2245 quo
834 2184 1190 2248 rempublicam
1230 2182 1389 2229 litera-
