1504 2501
761 191 825 236 30

191 317 225 363 li
242 317 475 374 volentes,
494 319 780 382 praedictam
808 319 1113 368 Libertatem
1130 320 1385 369 obtinendi

191 397 390 445 Gradus
400 399 448 445 in
461 399 689 447 omnibus
704 400 1057 456 FacultatibUS‚
1067 401 1386 449 Authoritate

195 480 363 526 nostra
409 479 583 542 Regia,
633 481 863 528 studiosis
906 481 1117 544 Collegii
1158 483 1382 546 praedicti

195 575 286 624 pro
302 566 526 624 tempore
552 563 807 618 existente,
831 562 1068 619 absolute,
1089 563 1272 626 absque
1295 565 1387 612 hac

198 639 505 697 Provisione,
554 641 738 689 eisdem
784 642 1074 706 Praeposito,
1122 642 1296 698 SociiS,
1338 651 1387 692 et

202 721 539 779 Scholaribus,
595 729 645 770 et
700 723 1077 770 Successoribus
1132 725 1247 780 suis,
1295 740 1386 788 pro

199 800 367 858 Nobis,
397 802 695 863 Heredibus,
712 809 762 851 et
787 804 1165 852 Successoribus
1193 808 1384 854 nostris

201 884 553 930 confirmamus
576 900 667 947 per
690 892 971 948 praesentes.

284 963 588 1019 CUMQUE
635 964 809 1011 eadem
855 981 1015 1028 nuper
1062 964 1257 1028 Regina
1302 982 1391 1030 per

202 1044 401 1092 easdem
431 1044 646 1092 Litteras
671 1060 783 1092 suas
814 1051 1040 1108 patentes
1078 1047 1389 1102 concesserit,

202 1131 252 1172 et
300 1125 551 1172 licentiam
599 1125 803 1181 dederit,
844 1125 1060 1189 praefatis
1098 1126 1388 1191 Praeposito,

203 1212 253 1253 et
281 1206 439 1253 Sociis
473 1205 694 1268 ejusdem
733 1206 959 1269 collegii,
984 1213 1039 1253 ut
1076 1206 1249 1269 Leges,
1281 1209 1391 1256 Sta-

201 1292 325 1342 tuta,
354 1293 404 1333 et
429 1285 783 1334 Ordinationes
819 1304 908 1351 pro
933 1304 1021 1335 suo
1060 1288 1284 1350 Collegio
1313 1291 1394 1353 pie

203 1374 252 1415 et
275 1367 487 1414 fideliter
509 1367 847 1429 gubernando,
872 1369 932 1416 de
951 1376 1177 1432 tempore
1199 1372 1251 1417 in
1271 1377 1393 1418 tem·

202 1463 309 1512 pus,
338 1448 390 1494 in
413 1453 710 1511 perpetuum
736 1447 969 1504 facerent,
1013 1450 1391 1505 constituerent,

204 1533 254 1574 et
291 1528 674 1575 confirmarent:
714 1526 781 1573 Et
805 1532 861 1573 ut
886 1543 1203 1590 quascunque
1236 1529 1394 1592 Leges

204 1607 332 1655 bene
351 1608 643 1655 constitutas
663 1614 923 1654 censerent
944 1609 994 1654 in
1014 1608 1253 1657 alterutra
1269 1611 1394 1659 Aca-

203 1689 366 1737 demia
385 1687 798 1749 Cantabrigiensi,
826 1693 912 1735 aut
931 1687 1220 1747 Oxoniensi,
1247 1691 1396 1739 modo

204 1770 296 1817 sibi
312 1776 452 1834 aptas
467 1776 517 1816 et
536 1768 937 1816 accommodatas
945 1768 1246 1832 judicarent,
1264 1773 1395 1821 intra

205 1866 257 1897 se
284 1850 589 1897 stabilirent:
636 1849 740 1898 Nos
763 1851 893 1898 hanc
931 1851 1256 1909 Potestatem,
1287 1853 1395 1902 Sta-

205 1937 315 1979 tuta
339 1937 390 1978 et
428 1931 781 1979 Ordinationes
818 1932 1064 1979 condendi
1089 1939 1139 1980 et
1162 1935 1397 1982 constitu-

210 2011 340 2067 endi,
368 2010 578 2074 praefatis
603 2011 874 2075 Praeposito
900 2018 950 2059 et
986 2012 1145 2060 Sociis
1177 2013 1394 2076 praedicti

209 2091 436 2153 Collegii,
485 2097 540 2137 ut
586 2091 857 2155 praefertur,
905 2092 1040 2155 prius
1093 2107 1392 2149 concessam,

209 2187 323 2220 cum
361 2171 579 2218 Assensu
606 2177 656 2217 et
680 2159 942 2218 Consensu
967 2170 1236 2218 eorundem
1264 2170 1395 2218 Prae-

207 2251 369 2316 positi,
408 2249 683 2309 Sociorum,
712 2255 761 2296 et
784 2248 1110 2306 Scholarium,
1139 2248 1396 2298 Nobismet
