1504 2501
791 183 882 227 102

626 486 864 535 CAPUT
900 489 1040 536 XIV.

243 700 306 731 DE
346 700 593 732 PRIMARIO
631 700 871 743 LECTORE,
912 703 973 734 ET
999 703 1420 739 SUBLECTORIBUS.

241 848 586 919 QUONIAM
620 861 682 909 ad
710 861 1025 925 juventutem
1053 879 1155 911 non
1189 865 1336 913 modo
1369 868 1421 913 in

238 944 438 1006 pietate,
473 949 522 990 et
557 943 738 990 virtute
775 943 1111 1001 excolendam,
1149 946 1235 994 sed
1270 948 1420 995 etiam

238 1026 289 1071 in
314 1023 454 1071 bonis
471 1022 656 1071 artibus
671 1024 1008 1081 erudiendam,
1027 1025 1121 1073 hoc
1140 1026 1418 1090 Collegium

238 1104 520 1150 institutum
550 1109 653 1163 est3
693 1103 928 1151 Lectores
964 1105 1199 1166 quosdam
1241 1109 1419 1155 consti-

236 1184 465 1240 tuendOS,
493 1190 542 1232 et
565 1200 654 1248 pro
675 1192 830 1241 aetate,
850 1193 1108 1250 captuque,
1127 1193 1177 1234 et
1194 1188 1419 1252 profectu

234 1264 547 1325 ingeniorum
573 1271 730 1311 certas
750 1264 958 1318 Classes,
985 1267 1217 1329 variaque
1237 1269 1417 1314 exerci-

235 1343 305 1389 tia
329 1342 621 1389 scholastica
644 1342 872 1389 duximus
891 1343 1179 1391 ordinanda.
1252 1345 1415 1407 Atque

234 1422 476 1485 imprimis
507 1421 769 1470 Lectorem
800 1425 1045 1485 quendam
1071 1426 1361 1488 primarium
1389 1443 1416 1475 e

234 1501 517 1550 Senioribus
544 1502 702 1549 Sociis
726 1504 989 1565 quotannis
1013 1504 1126 1565 eligi
1152 1504 1412 1563 Volumus,

232 1589 456 1645 tempore
510 1597 691 1646 nempe
743 1583 903 1629 finalis
964 1583 1216 1647 Computi,
1275 1585 1414 1648 cujus

233 1677 414 1707 munus
441 1667 561 1717 esto,
592 1661 780 1709 solicite
807 1662 973 1709 videre
1012 1670 1065 1709 ut
1097 1663 1413 1714 Praelectores

232 1740 488 1788 inferiores
517 1740 710 1803 singuli,
746 1741 926 1797 locum,
964 1748 1258 1805 tempusque
1293 1760 1411 1808 prae-

231 1822 440 1884 legendi,
477 1821 710 1883 quotidie,
743 1829 792 1868 et
819 1822 1079 1884 diligenter
1109 1822 1323 1883 obeant3
1361 1832 1411 1872 et

230 1907 268 1951 si
306 1904 502 1966 quando
549 1903 713 1965 aliqua
746 1904 994 1967 praelectio
1036 1905 1405 1961 intermittatur,

232 1983 292 2030 de
309 1984 687 2031 intermissionis
708 1984 854 2030 causa
875 1999 1184 2045 cognoscere,
1204 2000 1409 2046 eamque

231 2065 271 2111 si
297 2066 462 2112 minus
487 2062 673 2127 justam
708 2079 812 2111 esse
845 2065 1153 2127 compererit,
1186 2064 1246 2111 ad
1278 2064 1407 2111 Prae-

229 2147 443 2210 positum
479 2161 583 2193 rem
621 2144 825 2198 deferre,
862 2151 947 2191 aut
982 2160 1040 2191 eo
1082 2144 1295 2199 absente,
1345 2144 1407 2190 ad

231 2227 689 2290 Vicepraepositum,
727 2232 782 2272 ut
825 2227 876 2272 in
922 2224 1287 2286 delinquentem
1336 2239 1404 2271 se-
