1458 2455
636 147 699 195 99

75 275 296 325 absentia
321 275 370 322 in
397 274 544 328 festis,
571 289 717 336 quam
738 272 978 336 profestis,
1000 273 1160 335 virgis,
1182 280 1259 326 vel

73 357 170 404 alio
195 355 342 403 modo
366 356 689 417 corrigantur.
730 353 876 410 Quod
901 356 939 401 si
961 354 1258 418 Praepositus

74 441 177 502 ipse
197 435 547 490 observaverit,
575 440 661 481 aut
702 449 731 481 a
766 433 982 481 Decanis
1014 435 1260 497 acceperit

73 517 186 580 (hos
214 517 345 564 enirn
374 517 580 564 nomina
601 531 771 562 eorum
791 516 873 577 qui
895 515 1070 578 saepius
1093 514 1257 561 abfue-

69 598 170 643 rint
193 595 255 643 ad
270 597 428 660 ipsum
449 595 639 643 deferre
657 594 923 657 Volumus)
945 593 1151 655 aliquem
1178 610 1258 641 cu-

65 674 342 738 juscunque
374 676 559 723 ordinis
584 675 902 723 vehementer
926 673 1257 735 negligentem

72 771 190 812 esse,
217 771 381 803 coram
407 756 621 803 Decanis
647 752 945 809 admonebit,
974 759 1024 800 et
1045 753 1083 799 si
1111 752 1257 798 tertio

72 835 367 890 admonitus,
404 851 454 883 se
490 851 591 883 non
637 833 988 889 emendaverit,
1033 831 1257 893 Collegio

71 915 296 979 expellet.
366 915 611 963 Praeterea
646 914 922 962 Statuimus
959 918 1009 960 et
1046 911 1257 959 Ordina-

70 1011 196 1052 mUS,
250 1002 305 1043 ut
356 996 680 1043 Baccalaurei
733 992 1123 1042 correctionibus
1178 992 1257 1039 die

72 1075 283 1123 Veneris
314 1092 567 1139 nunquam
603 1078 843 1124 interesse
878 1081 1132 1138 cogantur,
1174 1072 1259 1120 sed

70 1157 307 1205 Decanus
342 1164 511 1205 tamen
543 1173 714 1205 eorum
752 1157 958 1205 nomina
989 1156 1172 1218 scripta
1206 1154 1257 1199 in

71 1237 303 1285 schedula
336 1237 516 1284 habeat
548 1253 577 1283 a
604 1238 849 1284 monitore
874 1234 1073 1290 tradita,
1102 1240 1158 1280 ut
1191 1233 1260 1279 vi-

73 1317 201 1373 deat,
251 1317 455 1378 quoties,
503 1315 638 1362 festis
674 1315 860 1370 diebus,
899 1313 975 1361 vel
1010 1311 1251 1377 profestis,

70 1398 274 1460 quisque
305 1413 476 1444 eorum
510 1396 736 1452 abfuerit,
769 1395 1018 1443 tardiusve
1048 1393 1254 1447 venerit,

72 1487 122 1527 et
158 1479 385 1526 absentes
421 1476 610 1525 duobus
639 1476 867 1531 denariis,
912 1474 1051 1522 tarde
1089 1480 1252 1520 autem

69 1561 322 1607 venientes
363 1559 569 1606 mulctet
615 1557 834 1605 denario.
906 1556 973 1603 Et
1008 1556 1047 1602 si
1083 1555 1253 1618 saepius

69 1646 290 1704 peccent,
318 1638 704 1687 correctionibus
736 1637 973 1701 proximis
1006 1635 1248 1687 intersint,

69 1725 120 1766 et
149 1718 343 1782 publice
375 1720 426 1765 in
464 1717 608 1773 Aula,
644 1723 693 1764 et
724 1732 871 1780 super
896 1715 1141 1762 Themate
1167 1712 1250 1759 ali-

69 1813 181 1861 quo,
226 1797 286 1844 ab
333 1797 570 1844 alterutro
616 1795 936 1842 Decanorum
984 1792 1244 1853 assignato,

70 1877 361 1925 Orationem
387 1875 664 1922 habuerint.
736 1873 928 1921 Tardos
960 1872 1128 1919 venire
1165 1886 1247 1917 eos

67 1957 290 2011 dicimuS‚
330 1956 412 2017 qui
440 1961 526 2001 aut
555 1960 666 2018 post
704 1953 994 2001 Orationem
1023 1951 1247 1999 Domini-

66 2052 176 2085 cam
212 2036 402 2082 finitam
438 2040 662 2098 tempore
697 2048 900 2097 precum
947 2032 1245 2095 vespertina·

66 2132 178 2164 rum
228 2114 478 2164 Sacellum
524 2115 792 2169 introeunt,
841 2118 927 2159 aut
967 2113 1049 2174 qui
1096 2126 1242 2158 mane

66 2201 177 2259 post
217 2195 433 2259 primum
479 2192 733 2242 Psalmum
780 2193 975 2240 finitum
1021 2191 1240 2239 veniunt,

609 2289 635 2320 F
660 2276 690 2320 2
