1504 2501
767 156 858 200 118

218 286 269 331 in
293 283 464 332 studiis
489 284 795 332 invitandam
810 284 1130 347 diligentiam,
1148 284 1396 333 liberalior

217 364 444 412 allocatio
469 365 576 412 fieri
599 366 797 429 poterit.
867 366 1032 428 Atque
1061 365 1197 413 hunc
1226 381 1397 414 nume-

213 458 324 489 rum
354 442 614 491 Sociorum
640 459 698 491 ac
722 443 1097 508 Discipulorum
1129 446 1394 506 quotannis

214 525 431 589 suppleri
447 526 706 583 Volumus,
725 526 803 574 die
814 542 993 590 nempe
1010 526 1164 574 Lunae
1175 529 1397 591 proxime

214 611 326 668 post
365 605 685 653 Dominicam
732 606 1005 662 Trinitatis,
1052 608 1146 654 nisi
1192 607 1399 670 Collegii

214 685 405 747 insigne
441 685 639 747 aliquod
675 685 1026 734 detrimentum
1060 693 1204 749 cogat
1228 703 1399 735 nume-

212 780 324 812 rum
370 765 685 814 Scholarium
727 767 790 814 ad
842 773 1037 831 tempus
1085 768 1394 815 imminuere.

213 844 314 893 Pro
360 854 657 904 commeatu,
706 848 994 912 Praeposito,
1044 853 1094 894 et
1136 847 1397 896 Sociorum

212 926 365 974 cuivis
404 943 432 975 e
473 928 634 975 culina
662 928 938 976 allocentur
965 934 1065 975 tres
1095 927 1252 982 solidi,
1283 943 1398 990 qua-

210 1011 325 1053 tuor
357 1006 563 1062 denarii,
595 1015 646 1056 et
669 1008 841 1057 obolus
865 1008 1283 1056 hebdomadatim.
1352 1009 1396 1056 E

208 1088 552 1149 promptuario
577 1104 667 1151 per
685 1089 902 1151 singulos
921 1087 1024 1135 dies
1043 1088 1105 1135 ad
1134 1104 1315 1152 panem
1347 1094 1397 1136 et

208 1171 384 1228 potum
428 1166 527 1214 duo
570 1167 795 1227 denarii3
840 1184 967 1215 unus
1009 1167 1071 1215 ad
1113 1168 1392 1233 prandium,

207 1246 333 1293 alter
355 1245 417 1293 ad
436 1261 626 1293 coenam
646 1264 657 1293 ε
685 1252 735 1294 et
759 1254 898 1295 extra
921 1247 1144 1296 ordinem
1169 1264 1258 1312 per
1281 1248 1396 1296 heb-

207 1325 471 1373 domadam
497 1333 609 1375 octo
633 1327 838 1384 denarii,
867 1335 916 1375 et
939 1328 1125 1376 obolus.
1167 1328 1394 1393 Discipu-

206 1406 266 1454 lis
285 1408 469 1454 veroin
485 1407 689 1455 obsonio
704 1424 731 1456 e
748 1408 930 1455 Culina
949 1408 1161 1456 sedecim
1183 1409 1388 1466 denarii,

208 1493 258 1534 et
281 1486 467 1534 obolus.
538 1487 582 1534 E
607 1488 947 1552 promptuario
973 1488 1125 1535 cuivis
1149 1504 1238 1552 pro
1262 1504 1391 1552 pane

204 1567 400 1631 prandii
436 1574 661 1632 tempore
692 1568 879 1625 obolus,
915 1575 964 1616 et
994 1568 1289 1616 tantundem
1326 1570 1389 1617 ad

206 1664 412 1696 coenam.
504 1649 605 1697 Pro
638 1651 839 1697 cervisia
870 1651 1088 1713 quotidie
1120 1651 1310 1710 obolus,
1342 1660 1391 1700 et

206 1736 346 1777 extra
387 1729 612 1778 ordinem
654 1746 744 1794 per
783 1729 1145 1778 hebdomadam
1181 1738 1390 1793 quatuor

205 1810 410 1857 denarii.
487 1810 787 1859 Dominicaa
817 1818 983 1859 autem
1019 1812 1280 1859 Trinitatis
1311 1812 1385 1876 (in

205 1887 344 1950 cujus
387 1889 629 1937 honorem
669 1889 764 1937 hoc
806 1888 1084 1951 Collegium
1128 1889 1386 1949 fundatur)

204 1968 458 2023 Volumus,
474 1976 530 2016 ut
548 1969 839 2016 communiae
854 1967 1236 2032 uniuscujusque
1253 1984 1387 2016 men-

205 2063 268 2094 sae
304 2048 618 2111 duplicentur
651 2065 740 2113 per
774 2049 973 2096 Aulam.
1044 2049 1124 2097 Ad
1160 2064 1383 2097 mensam

306 2206 323 2223 a
338 2206 410 2245 See
428 2206 492 2246 the
512 2209 660 2247 Statute
678 2213 702 2233 “
719 2209 782 2249 De
800 2210 1020 2260 quibusdam
1037 2208 1254 2246 mutandis.”
