1504 2501
762 149 824 193 28

201 283 250 323 et
280 276 439 324 Sociis
467 274 686 338 ejusdem
717 277 943 340 Gollegii,
982 285 1037 326 ut
1068 279 1240 342 Leges,
1279 281 1387 328 Sta-

198 363 320 413 tuta,
357 363 406 404 et
443 356 795 406 Ordinationes
833 360 964 406 intra
999 375 1049 406 se
1093 360 1384 415 stabilirent,

199 453 257 485 ac
282 438 437 501 (inter
453 436 573 501 alia)
590 440 855 502 praesertim
881 456 944 486 ne
969 439 1116 487 Artes
1135 440 1387 488 Liberales

199 519 441 583 quispiam
463 519 571 566 aliis
596 520 647 566 in
672 519 819 567 Locis
838 520 1034 584 publice
1053 523 1382 585 profiteretur,

198 607 284 647 aut
308 599 551 655 edoceret,
577 600 708 648 intra
731 600 894 664 Regni
915 601 1169 649 Hiberniae
1187 603 1384 659 limites,

196 680 303 727 sine
352 679 554 726 licentia
602 677 821 742 ejusdem
863 696 1023 745 nuper
1049 680 1255 744 Reginae
1282 698 1388 746 spe-

199 762 325 809 ciali.

263 842 359 889 ET
379 857 491 889 cum
519 841 717 889 Gradus
742 842 979 904 quosdam
1014 843 1064 889 in
1106 842 1309 890 Artibus
1338 849 1387 889 et

198 921 538 970 Facultatibus
571 923 818 978 constitui,
852 922 1055 968 Litteris
1074 922 1222 968 fuisse
1252 921 1387 984 adju-

198 1010 368 1051 mento
394 1008 704 1066 compertum
730 1004 806 1058 sit,
830 1002 998 1050 eadem
1015 1018 1176 1066 nuper
1193 1002 1387 1064 Regina

197 1100 286 1147 per
302 1083 500 1130 easdem
518 1082 709 1129 Literas
738 1097 850 1128 suas
879 1088 1106 1145 patentes
1130 1081 1385 1129 ordinave-

197 1165 276 1220 rit,
305 1171 356 1210 ut
387 1162 592 1210 studiosi
612 1163 662 1208 in
689 1161 861 1208 eodem
881 1161 1107 1223 Collegio
1131 1169 1312 1208 sanctae
1338 1169 1385 1209 et

196 1243 462 1290 individuae
513 1241 775 1288 Trinitatis
824 1239 1130 1287 Elizabethae
1181 1241 1385 1303 Reginae

190 1324 335 1387 juxta
370 1323 577 1381 Dubhn,
624 1322 928 1369 Libertatem
978 1328 1027 1369 et
1075 1321 1382 1370 Facultatem

195 1405 438 1453 haberent
455 1403 654 1450 Gradus
681 1409 787 1449 tum
821 1401 1255 1457 Emonam-emus,
1280 1402 1385 1449 Ma-

206 1485 410 1547 gisterii,
444 1479 824 1534 etDoctoratfis‚
833 1479 978 1542 juxta
996 1487 1191 1545 tempus
1217 1481 1384 1529 idone-

197 1581 299 1621 um,
346 1565 397 1611 in
439 1561 667 1611 omnibus
705 1560 902 1607 Artibus
948 1567 997 1608 et
1046 1560 1385 1609 Facultatibus

199 1645 454 1695 obtinendi
482 1665 494 1704 3
526 1651 590 1699 et,
620 1650 676 1690 ut
694 1643 825 1689 intra
854 1641 935 1698 Se,
974 1658 1066 1706 pro
1102 1641 1384 1705 hujusmodi

200 1725 450 1775 Gradibus
471 1722 801 1786 assequendis,
822 1721 1064 1769 haberent
1080 1721 1384 1770 Libertatem

199 1809 367 1855 omnia
381 1808 510 1854 Acta
533 1812 582 1852 et
603 1803 910 1852 Scholastica
945 1803 1198 1850 Exercitia
1235 1803 1386 1850 adim-

197 1887 392 1951 plendi3
416 1885 835 1949 quemadmodum
847 1885 1134 1948 Praeposito,
1151 1883 1383 1946 etmajori

198 1969 328 2030 parti
378 1967 639 2014 Sociorum
689 1966 848 2013 visum
901 1965 1058 2024 foret;
1098 1971 1245 2029 prout
1298 1980 1387 2028 per

199 2048 396 2096 easdem
424 2048 617 2095 Literas
641 2054 868 2112 patentes
894 2048 1024 2094 inter
1061 2047 1158 2094 alia
1192 2046 1385 2110 plenius

201 2135 420 2193 apparet.

263 2208 399 2257 NOS
418 2209 669 2274 praemissa
690 2210 873 2266 omnia,
893 2215 941 2256 et
957 2207 1148 2269 singula
1162 2207 1385 2271 superius
