1504 2501
740 157 798 201 10

240 285 334 333 ET
371 284 524 333 CUM
560 284 758 333 Gradus
794 285 1029 348 quosdam
1067 288 1117 333 in
1153 285 1356 334 Artibus

176 374 224 414 et
261 366 602 414 Facultatibus
640 369 872 415 constitui
899 367 1078 415 Literis
1103 368 1250 416 fuisse
1275 367 1356 415 ad-

169 447 399 510 jumento
449 454 757 512 compertum
812 449 888 504 sit,
938 448 1224 496 ordinamus
1269 463 1357 512 per

174 536 456 593 praesentes,
472 535 526 576 ut
540 529 742 578 studiosi
759 531 808 577 in
824 530 919 578 hoc
935 530 1158 592 Collegio
1177 535 1358 577 sanctae

176 615 225 654 et
268 608 530 655 individuae
579 608 839 656 Trinitatis
881 608 1179 656 Elizabethae
1216 606 1359 670 Regi-

175 705 246 735 nae
278 687 424 750 juxta
459 688 665 745 Dublin,
705 689 1007 737 Libertatem
1047 695 1096 736 et
1133 687 1359 735 Faculta-

176 776 276 816 tem
303 769 531 823 habeant,
559 769 757 816 Gradus
787 776 891 816 tum
925 767 1357 824 Baccalaureatfis,

177 848 467 911 Magisterii,
502 856 551 896 et
593 849 908 905 Doctomtfis,
949 848 1091 912 juxta
1139 847 1360 912 Tempus

176 929 425 985 idoneum,
455 932 505 977 in
531 931 758 978 omnibus
795 930 998 978 Artibus
1023 937 1072 977 et
1096 929 1362 976 Facultati-

175 1008 265 1056 bus
302 1009 587 1057 obtinendi:
641 1011 787 1059 HOC
829 1010 1112 1058 SEMPER
1160 1009 1361 1056 interim

177 1089 391 1150 proviso,
415 1096 469 1136 ut
494 1106 606 1136 cum
623 1090 768 1152 hujus
787 1090 995 1152 Collegii
1020 1090 1155 1137 Socii
1172 1095 1360 1152 septem

178 1169 392 1230 integros
416 1171 589 1215 Annos
614 1176 724 1232 post
749 1169 974 1216 Gradum
1000 1169 1274 1230 Magisterii
1296 1167 1363 1215 ibi

178 1254 482 1310 assumptum
511 1248 900 1312 adimpleverint,
928 1255 1033 1295 tum
1052 1247 1079 1295 e
1101 1247 1360 1295 Sociorum

180 1327 405 1374 Numero
439 1335 776 1382 amoveantur,
802 1335 857 1375 ut
881 1328 963 1375 alii
989 1329 1040 1374 in
1067 1344 1236 1375 eorum
1266 1327 1365 1375 Lo-

180 1424 293 1454 cum
331 1408 538 1461 suffecti,
564 1424 653 1471 pro
678 1405 823 1470 hujus
858 1408 1017 1470 Regni
1043 1415 1093 1455 et
1128 1407 1364 1455 Ecclesiae

182 1488 434 1543 beneficio,
465 1487 853 1534 emolumentum
875 1487 1115 1535 habeant:
1138 1487 1205 1534 Et
1223 1493 1278 1534 ut
1293 1488 1364 1533 in-

179 1576 256 1615 tra
281 1585 331 1616 se
350 1586 440 1632 pro
464 1567 746 1631 hujusmodi
772 1567 1020 1614 Gradibus
1052 1568 1368 1630 assequendis

180 1648 396 1695 habeant
430 1647 707 1694 libertatem
748 1649 917 1694 omnia
949 1648 1090 1699 Acta,
1127 1654 1176 1694 et
1215 1647 1367 1694 Scho-

180 1729 354 1776 lastica
396 1728 646 1775 Exercitia
687 1727 1004 1791 adimplendi,
1050 1727 1366 1789 quemadmo-

184 1810 301 1856 dum
339 1809 627 1873 Praepossto,
655 1816 704 1856 et
728 1807 903 1871 majori
929 1809 1068 1856 Parti
1106 1809 1364 1856 Sociorum

184 1893 344 1938 visum
382 1891 559 1938 fuerit:
587 1892 663 1939 Ac
687 1899 742 1939 ut
779 1908 950 1939 omnes
978 1892 1237 1947 Personas,
1278 1907 1367 1955 pro

185 1968 469 2032 hujusmodi
499 1971 643 2018 rebus
677 1971 852 2019 melius
889 1971 1249 2035 promovendis,
1285 1971 1369 2017 eli-

185 2068 315 2114 gere,
344 2067 525 2107 creare,
553 2053 826 2108 nominare,
849 2059 898 2100 et
913 2053 1141 2100 ordinare
1165 2052 1367 2115 possint,

187 2134 286 2179 sive
333 2137 395 2179 sit
449 2132 888 2190 Procancellarius,
938 2135 1251 2184 Procurator,
1284 2136 1370 2176 aut

189 2211 541 2259 Procuratores
567 2214 705 2274 (nam
739 2212 1035 2260 Cancellarii
1061 2210 1368 2272 Dignitatem
