1458 2455
652 147 716 189 45

161 279 237 326 Ac
271 282 325 324 ut
361 276 530 324 omnia
575 280 625 322 et
671 274 864 337 singula
900 276 1150 338 praemissa
1183 291 1281 323 me-

98 360 191 406 lius
235 363 486 412 curentur,
536 372 595 403 ex
645 356 820 403 Gratia
865 356 1034 402 nostra
1079 356 1280 420 speciali

99 455 214 501 erga
238 438 515 500 Collegium
549 437 855 502 praedictum,
899 437 1109 500 praefatis
1151 438 1281 484 Prae-

98 518 273 582 posito,
303 517 478 571 Sociis,
504 523 553 564 et
582 516 901 564 Scholaribus
926 522 975 563 et
993 517 1282 563 successori-

98 602 189 649 bus
213 602 312 648 suis
338 598 655 647 concedimus
681 612 770 660 pro
792 596 963 651 Nobis,
987 596 1282 649 Hei-edibus,

100 687 149 728 et
191 677 561 727 Successoribus
607 677 802 731 nostriS‚
853 691 942 739 per
987 681 1282 738 praesentes:

101 759 248 815 Quod
268 758 583 822 Praepositus,
606 762 655 803 et
677 756 909 803 Seniores
932 755 1059 802 Socii
1076 754 1287 816 Collegii

101 839 322 904 praedicti
358 853 447 901 pro
484 843 709 899 tempore
745 836 1000 888 existente,
1026 835 1103 881 vel
1129 833 1287 896 major

103 936 217 985 pars
241 918 512 966 eorundem
541 933 770 964 unacum
798 917 1087 980 Praeposito,
1114 916 1173 962 de
1199 931 1288 963 cae-

103 1008 210 1046 tero
257 1000 308 1045 in
340 1003 634 1062 perpetuum
674 995 890 1042 habeant
926 995 1195 1049 licentiam,
1241 1000 1290 1041 et

107 1084 399 1143 potestatem
426 1075 731 1130 nominandi,
762 1074 988 1135 eligendi,
1031 1081 1080 1121 et
1116 1074 1290 1120 admit-

105 1158 241 1205 tendi
266 1156 648 1210 Cancellarium‚
677 1155 1047 1206 Procuratores,
1073 1153 1292 1214 aliosque

107 1258 278 1290 omnes
318 1240 596 1288 Officiarios
635 1237 696 1284 ad
732 1237 1055 1284 Academiam
1095 1237 1292 1300 praedic-

107 1330 209 1371 tam
235 1327 527 1386 spectantes,
555 1318 639 1366 sed
666 1319 721 1365 ea
746 1318 868 1379 lege,
897 1324 952 1364 ut
993 1317 1170 1379 singuli
1215 1332 1293 1363 eo-

108 1419 217 1449 rum
245 1403 314 1449 sic
340 1402 420 1465 (ut
443 1398 725 1464 praefertur)
742 1399 901 1454 electi,
924 1399 1023 1445 una
1043 1414 1154 1445 cum
1174 1398 1294 1444 Pro-

110 1481 404 1529 cancellario
429 1479 712 1526 Academiae
737 1478 983 1542 praedictae
1009 1480 1178 1540 (quem
1223 1478 1296 1524 uti

109 1579 199 1628 par
245 1569 317 1609 est
373 1578 401 1609 a
448 1559 761 1608 Cancellario
808 1558 1107 1611 Academiae,
1156 1556 1298 1619 cujus

112 1644 286 1690 Vicem
313 1643 452 1705 gerit,
480 1657 677 1705 semper
719 1641 832 1703 eligi
878 1639 1132 1700 volumus)
1182 1645 1296 1685 ante

113 1723 461 1770 admissionem
497 1721 644 1768 fidem
688 1721 820 1775 dent,
861 1719 950 1767 sub
983 1719 1294 1773 Juramento,

118 1804 178 1851 Se
202 1817 383 1850 munus
420 1803 510 1850 sibi
548 1804 665 1866 ipsis
711 1800 1065 1849 demandatum
1090 1799 1301 1847 fideliter

116 1885 430 1931 exercituros.
483 1882 824 1930 Cancellarius
871 1880 1067 1942 quidem
1112 1879 1300 1926 Acade-

115 1966 227 2012 miae
252 1963 496 2027 praedictae
523 1977 688 2009 coram
717 1960 1031 2008 Cancellario
1056 1959 1156 2006 sive
1183 1958 1302 2005 Cus-

116 2045 231 2093 tode
252 2045 417 2106 magni
448 2043 602 2105 sigilli
628 2042 782 2089 nostri
802 2040 1009 2102 Angliae‚
1029 2045 1115 2085 aut
1135 2054 1303 2085 coram

119 2123 430 2173 Cancellario
459 2123 709 2170 Hiberniae
733 2141 744 2180 3
771 2119 1198 2167 Procancellarius
1221 2133 1303 2164 au-
